2154 3678
482 248 624 288 -ssxn
678 264 717 272 -

198 390 295 440 strata
307 391 428 442 exstant
439 382 471 440 in
484 382 650 442 Comment.
666 382 704 441 de
717 383 863 443 Biblioth.
879 382 1012 443 Caesar.

198 484 427 543 Vindobonensi
441 484 525 562 (tom.
537 484 579 543 II.
592 483 723 543 Vindob.
739 493 814 558 1669,
828 505 899 563 pag.
910 483 964 563 12).
973 481 1010 562 *)
1063 517 1064 554 i

260 586 310 644 Ad
331 607 441 646 novam
466 587 547 645 vitae
573 587 604 646 S.
630 587 771 646 Severini
793 587 1012 645 recensionem
1063 623 1064 642 r

198 689 423 768 suscipiendam
442 688 488 747 his
505 687 653 746 adductus
669 708 734 746 sum
748 688 927 747 rationibus.
957 689 1011 747 Ao

197 793 324 868 primum
342 789 466 871 quidem
481 789 586 848 Codex
607 799 709 848 noster
730 791 951 848 Lateranensis
973 791 1010 848 in

195 892 331 971 pluribus
347 893 423 950 locis
442 891 613 968 gravissimi
634 883 776 950 momenti
798 891 951 969 discrepat
966 891 1009 949 ab

197 996 275 1052 aliia.
317 991 439 1051 Deinde
471 991 507 1050 ob
539 1000 724 1051 vetustatem
754 1002 783 1050 et
808 993 1007 1051 eminentiam

195 1096 270 1168 loci,
301 1096 333 1152 in
362 1107 427 1172 quo
446 1093 604 1172 hucusque
629 1094 734 1170 latuit,
761 1095 940 1173 praeprimis
971 1114 1008 1152 se

198 1194 397 1254 commendat.
425 1196 569 1274 Denique
584 1194 747 1252 editionem
763 1215 824 1253 non
839 1204 900 1254 tam
915 1215 1007 1273 gran-

197 1297 243 1356 dis
264 1297 426 1355 voluminis
448 1316 506 1355 neo
520 1305 581 1354 tam
599 1295 765 1355 difficiliter
786 1296 1007 1376 acquirendam

196 1398 333 1458 eiusdem
355 1398 472 1458 laudati
488 1397 625 1471 (dodiau,
643 1417 746 1456 omnes
766 1398 912 1456 historiae
934 1419 1005 1476 pro-

117 1511 122 1520 “
195 1501 316 1559 vinciae
331 1501 474 1558 Austriae
490 1501 646 1559 Inferioris
662 1499 870 1558 incumbentes
887 1499 1006 1578 absque

196 1601 286 1660 dubio
297 1602 400 1677 magni
411 1602 625 1661 aestimabunt.
654 1601 795 1660 Forsitan
807 1603 898 1659 etiam
910 1621 1005 1680 quae·
1063 1597 1064 1612 ¹

195 1701 419 1761 stionimultum
427 1711 560 1760 vexatae
570 1702 608 1760 de
621 1703 679 1760 situ
688 1711 718 1761 et
732 1704 852 1760 nomine
862 1722 1004 1780 quarum-

196 1804 264 1862 dam
290 1804 511 1863 ocourrentium
538 1804 670 1877 urbium,
701 1803 739 1862 de
766 1804 874 1882 quibus
903 1803 1005 1862 adhuc

195 1905 250 1964 sub
267 1904 369 1963 iudice
385 1905 422 1963 lis
439 1914 495 1976 est,
511 1925 621 1963 novam
637 1906 737 1963 lucem
753 1905 1005 1964 subministrabit.

194 2008 308 2067 Verum
328 2006 379 2064 hie
396 2006 457 2065 looi
480 2008 662 2065 coniecturis
678 2007 776 2065 locum
795 2006 868 2064 dare
885 2026 941 2064 neo
957 2007 1004 2065 iu·

193 2116 247 2166 vat
260 2127 318 2165 nec
330 2109 444 2186 placet.
471 2107 591 2166 Sufficit
602 2109 839 2188 antiquissimum
851 2109 930 2166 hunc
944 2107 1007 2192 Oo-¹

195 2209 293 2267 dicem
316 2210 347 2266 in
364 2210 464 2268 lucem
483 2209 614 2268 edidisse
637 2217 667 2266 et
682 2210 786 2268 critice
802 2211 1002 2269 recensuisse.

244 2425 266 2488 ³)
287 2427 315 2476 S.
329 2425 454 2478 Severini
466 2420 552 2478 vitam
565 2428 675 2492 scripsit
694 2427 817 2492 (praeter
830 2427 915 2492 alios)
935 2427 1002 2477 Ber-

194 2512 293 2561 tlwldav
308 2512 404 2570 Ritzet,
427 2512 571 2561 Professus
593 2512 777 2574 Mellicensis,
801 2513 930 2577 inopere
956 2515 1001 2566 cui

193 2595 301 2646 titulus:
339 2597 467 2658 „Sancta
490 2601 518 2646 et
538 2597 627 2647 Beata
650 2595 784 2646 Austria“
808 2599 892 2647 Tomo
910 2598 932 2646 Ι.
957 2597 1002 2660 (et

192 2679 293 2742 unico),
312 2680 453 2746 Augustae
466 2681 603 2730 Vindelio.
624 2680 696 2743 1750,
716 2697 808 2746 apag.
823 2680 947 2744 71-118,
967 2683 1001 2732 de

193 2781 245 2829 quo
261 2764 316 2814 vid.
337 2765 504 2815 Gesohichte
528 2766 575 2815 des
592 2765 908 2815 Benedictiner-Stiftes
926 2767 1001 2816 Melk

191 2864 246 2898 von
257 2849 342 2913 Ignaz
355 2849 526 2914 Keiblinger,
545 2851 566 2902 Ι,
579 2851 629 2898 Bd.
650 2851 675 2900 S.
692 2849 872 2900 1001-1002.
891 2851 962 2900 Note
976 2852 1000 2900 2.
1063 2861 1064 2914 ζ

193 2934 303 2998 Lingua
321 2934 472 2984 vernacula
490 2951 606 2984 unacum
625 2936 698 2985 notis
716 2936 788 2985 hanc
801 2937 894 2986 Vitam
914 2935 1000 2984 edidit
1063 3001 1064 3012 γ

194 3017 309 3068 Carolus
326 3019 426 3069 Ritter.
445 3019 522 3081 Lina,
545 3018 618 3074 1853.
