2154 3678
502 189 709 250 „72-.

202 339 434 413 Flaccithaeus‚
460 347 514 397 tua
527 358 645 398 merear
661 338 798 396 oratione
813 338 939 410 muniri,
962 339 1014 419 qui

204 424 413 503 experimento
435 423 543 483 didicit
561 425 731 483 sanctitatis
753 433 825 482 tuae
845 424 962 482 meritis
981 444 1014 482 se

193 510 298 567 'fuisse
314 528 433 588 semper
449 507 632 567 adiutum'?“
666 509 707 566 Et
728 507 797 566 ille:
828 553 845 580 „
855 507 1014 585 Qualibet,

203 594 316 672 inquit,
343 595 502 654 occasione
518 613 616 652 meam
638 593 781 651 cellulam
801 593 935 652 volueris
950 594 1015 652 lae·

119 701 123 718 ¹
205 678 288 750 dere,
306 686 336 736 et
350 679 399 737 hio
415 680 516 737 statim
530 677 682 756 probabis,
696 685 727 736 et
740 676 773 734 in
785 677 886 736 futuro
900 678 1015 750 solves,

203 783 295 842 quam
308 783 370 821 non
382 772 462 842 opto,
475 763 673 822 vindictam.“
701 761 1015 822 TuncFerderuchus

204 848 382 928 promittens
395 868 428 907 se
439 846 553 908 Christi
567 848 672 906 famuli
688 848 801 906 monita
813 858 1014 918 servaturum,

202 933 352 992 remeavit
374 932 414 990 ad
428 933 560 1011 propria.
590 934 709 991 Doctor
727 951 801 990 vero
819 931 1015 991 dulcissimus

204 1038 266 1076 non
288 1016 428 1075 cessabat
450 1036 521 1074 suos
543 1016 658 1096 alloqui
679 1035 734 1095 per
755 1027 907 1076 momenta
924 1016 1014 1076 disci·

204 1100 292 1179 pulos
309 1099 428 1159 dicans:
450 1099 597 1172 „Confido
611 1102 648 1160 de
665 1102 763 1178 gratia
779 1097 938 1178 Dominifl)
955 1102 1015 1160 mei

203 1185 277 1244 Iesu
295 1181 425 1257 Christi,
448 1185 519 1264 quia
537 1185 625 1245 vobis
640 1187 672 1244 in
693 1206 786 1265 opere
805 1206 858 1244 suo
881 1186 1016 1245 duranti·

204 1269 277 1340 bus,
302 1278 333 1327 et
352 1289 439 1329 meac
460 1271 621 1329 memoriae
642 1280 756 1349 pacata
777 1271 923 1330 societate
944 1291 1014 1330 con·

203 1354 324 1425 iunctis,
341 1363 484 1414 aeternae
500 1355 582 1414 vitae
597 1353 677 1414 bona
692 1354 812 1428 tribuet,
832 1374 890 1414 nec
905 1355 1017 1416 solatia

204 1440 409 1520 praesentium
423 1439 618 1516 denegabit.“

268 1523 387 1583 XLIII.
419 1525 517 1584 Nonis
537 1525 641 1605 itaque
662 1524 815 1582 Ianuariis
842 1525 945 1602 coepit
970 1532 1015 1583 te·

206 1609 305 1668 uniter
323 1608 427 1668 lateris
450 1608 554 1668 dolore
576 1609 708 1689 pulsari,
730 1629 789 1688 quo
810 1608 938 1668 durante
960 1629 1017 1687 per

205 1692 351 1764 triduum,
378 1691 478 1752 medio
499 1695 596 1752 noctis
618 1703 753 1774 tempore
775 1693 885 1752 fratres
904 1692 1016 1754 adesse

206 1779 378 1857 praecepit,
395 1797 468 1856 quos
487 1776 525 1836 de
543 1798 670 1858 corpore
686 1798 740 1838 suo
759 1798 968 1851 commonens,
986 1787 1017 1837 et

206 1869 336 1941 paterna
349 1862 563 1922 informatione
580 1863 793 1934 corroborans,
811 1864 963 1922 instanter
980 1883 1017 1922 ac

205 1947 384 2006 mirabiliter
408 1947 483 2005 talia
504 1957 696 2026 prosecutus,
721 1947 838 2014 aiebat;
862 1949 962 2021 „Filii
985 1949 1017 2006 in

207 2030 328 2092 Christo
349 2032 512 2105 carissimi,
539 2033 623 2092 scitis
645 2033 724 2112 qnod
739 2032 846 2092 beatus
865 2031 960 2091 Iacob
977 2031 1017 2092 de

206 2118 329 2193 saeculo
352 2113 559 2197 recessurus¹)
575 2118 747 2177 conditione
763 2118 866 2176 mortis
880 2118 1017 2176 instante

205 2202 283 2260 filios
299 2222 370 2260 suos
389 2201 498 2261 adesse
514 2203 721 2281 praecipiens,
746 2203 945 2281 propheticae
963 2201 1016 2261 be·

205 2286 389 2344 nedictionis
405 2287 546 2347 affatibus
562 2288 697 2364 singulos
720 2307 855 2366 quosque
877 2306 1016 2346 remune-

205 2389 293 2441 rans,
320 2370 530 2447 mysteriorum
556 2391 669 2430 areana
693 2370 826 2450 prodidit
847 2371 1017 2430 'futurorum

208 2452 300 2532 (Gen.
319 2454 385 2530 ia).
419 2455 484 2513 Nos
507 2476 578 2514 vero
601 2457 695 2514 infimi
712 2476 748 2514 ac
765 2456 878 2535 tepidi,
897 2466 1017 2514 tantae-

208 2559 268 2619 que
287 2539 417 2618 impares
430 2539 589 2616 impietati,
605 2540 685 2598 hanc
700 2542 944 2619 praerogativam
963 2561 1017 2620 no·-

207 2625 276 2683 stris
291 2643 439 2702 usurpare
456 2624 571 2684 viribus
593 2645 654 2684 non
675 2625 834 2699 audemus,
856 2646 948 2684 unum
970 2636 1016 2683 ta·

207 2729 277 2768 men
293 2708 374 2788 quod
386 2709 549 2769 humilitati
569 2711 706 2786 congruit
722 2731 782 2769 non
796 2711 922 2781 tacebo,
948 2711 1015 2768 mit·

257 2905 284 2971 8)
305 2909 399 2959 Christi
414 2911 461 2960 mei
478 2910 547 2960 Iesu.
570 2911 601 2960 B.
614 2912 715 2960 Domini
726 2925 777 2960 om.

260 2975 286 3038 1)
305 2978 336 3026 de
353 2981 453 3028 saecuto
470 2993 617 3028 recessurus
634 2979 712 3028 deest
734 2979 763 3028 in
779 2978 812 3028 B.
