2154 3678
428 236 704 319 fra-

195 381 320 443 ¹nubium
336 385 540 457 constitutum,
556 383 607 442 ubi
622 383 659 442 B.
677 381 844 441 Severinus
861 382 1015 440 cellulam

196 469 302 548 paucis
325 463 513 546 monaehis³)
533 469 622 528 solito
639 487 721 526 more
744 465 953 544 fundaverat3
981 487 1016 526 eo

197 553 278 633 quod
302 555 368 632 ipse
389 554 463 613 illuc
483 554 606 632 saepius
627 561 750 629 rogatus
774 571 793 609 a
815 552 938 611 civibus
961 550 1015 610 ad·

196 639 332 709 veniret,
351 639 483 697 maxime
503 647 627 717 propter
642 638 883 696 Alamannorum
907 638 1015 694 incur·
1051 638 1052 710 )

196 744 247 782 sus
260 724 407 796 assiduum
423 743 551 802 quorum
565 743 621 781 rex
637 720 788 781 Gibuldus
807 741 925 780 summa
944 741 1015 779 eum
1051 713 1052 784 ἶ

195 809 370 868 reverentia
391 807 546 886 diligebat.
584 806 646 885 Qui
668 807 757 864 etiam
780 805 911 886 quodam
935 814 1014 865 tem·

196 913 271 972 pore
293 892 331 951 ad
355 913 423 952 eum
446 890 613 951 ‘videndum
633 890 843 950 desideranter
866 891 1012 961 occurrit,
1052 930 1053 959 ,

198 979 247 1037 cui
270 978 401 1037 Sanctus
425 977 560 1047 obviam,
589 995 628 1034 ne
655 984 772 1034 attentu
797 996 850 1034 suo
878 975 1014 1034 eandem
1052 989 1053 1006 ¹

198 1057 386 1138 civitatem4)
402 1068 637 1139 praegravaret,
664 1079 805 1136 egressus
821 1069 885 1133 est,
908 1069 1012 1119 banta-

197 1165 257 1226 que
277 1147 447 1204 constantia
464 1164 569 1221 regem
584 1144 735 1203 allocutus
750 1155 811 1218 est,
829 1152 863 1205 ut
876 1153 1012 1204 tremere

197 1249 296 1290 coram
314 1249 349 1287 eo
365 1229 574 1289 vehementius
592 1231 740 1307 coeperit,
763 1225 1012 1308 secedensquc⁵)
1053 1243 1054 1252 ¹

197 1316 258 1374 suis
283 1316 467 1374 exercitibus
493 1312 655 1385 indicavit,
676 1334 839 1394 numquam
860 1324 960 1374 semet
981 1314 1013 1372 in

196 1421 230 1460 re
255 1397 403 1478 bellicass)
426 1408 511 1459 tanto
539 1407 669 1459 tremore
695 1399 789 1459 fuisse
817 1419 1012 1458 concussum.

198 1483 403 1563 CumqueDei
415 1485 528 1544 famulo
542 1483 628 1544 daret
636 1485 788 1563 optionem
802 1483 973 1562 imperandi
983 1479 1010 1560 ⁷)

196 1590 276 1650 quae
295 1570 405 1644 vellet,
434 1571 555 1646 rogavit
574 1568 680 1628 doctor
704 1569 872 1648 piissimus,
895 1576 929 1626 ut
951 1569 1011 1628 sibi

196 1656 297 1731 potius
323 1661 545 1731 praestaturus,
571 1663 693 1732 gentem
717 1673 802 1713 suam
828 1674 846 1711 a
868 1653 1011 1712 Romana

135 1769 138 1776 »
196 1739 367 1797 vastatione
384 1738 556 1810 cohiberet,
575 1747 605 1797 et
626 1740 779 1816 captivos,
799 1757 874 1816 quos
895 1739 942 1795 sui
963 1747 1011 1796 te·

196 1832 342 1894 nuerant,
365 1832 520 1900 gratanter
542 1823 725 1882 absolveret.
761 1823 841 1880 Tum
859 1840 915 1880 rex
937 1842 1010 1881 con·

197 1904 334 1982 stituitfl),
346 1919 379 1966 ut
395 1923 435 1968 ex
451 1908 514 1966 suis
526 1909 660 1987 aliquem
673 1907 828 1985 dirigeret,
841 1904 879 1964 ad
895 1927 972 1985 opus
980 1904 1009 1984 ⁹)

197 1994 342 2053 maturius
358 1992 586 2073 exequendum
609 1994 771 2071 statimque
782 1993 887 2050 missus
895 1993 1009 2050 Aman-

197 2080 256 2138 tius
285 2077 430 2137 diaconus
463 2098 480 2136 e
511 2078 642 2155 vestigio
674 2095 778 2155 regem
804 2076 1009 2154 subsequitur,

199 2165 325 2242 eiusque
346 2183 401 2241 prc
428 2163 542 2222 foribus
568 2162 741 2236 excubans,
767 2162 870 2221 multis
900 2161 1009 2220 diebus

197 2267 258 2305 non
273 2249 371 2325 potuit
385 2248 526 2306 nuntiari.
550 2244 616 2318 Oui,
632 2267 686 2324 pro
700 2266 735 2305 re
752 2265 812 2326 qua
821 2243 861 2324 ¹⁰)
874 2245 1009 2306 directus

248 2478 273 2541 3)
293 2481 418 2530 monachis
436 2479 514 2530 deest
530 2480 559 2528 in
577 2480 609 2529 B.

247 2547 280 2612 4)
292 2564 323 2598 ne
341 2550 510 2598 adventurae
529 2564 583 2598 eum
600 2550 724 2598 mitatem
742 2553 795 2598 etc.
814 2550 846 2600 Β.

248 2615 274 2678 5)
293 2618 340 2666 sed
357 2622 383 2665 et
397 2622 491 2680 postea
509 2621 562 2665 etc.
581 2616 613 2666 B.

248 2683 274 2746 6)
293 2684 445 2749 simplicius
464 2699 545 2750 quam
563 2684 610 2747 B.,
634 2684 681 2749 qui
703 2683 801 2733 habat:
831 2697 959 2748 numquam
976 2699 1005 2734 ec

197 2767 244 2802 nec
260 2766 290 2802 rc
308 2752 397 2803 bellica
414 2767 460 2802 nec
477 2755 562 2819 aliqua
578 2751 723 2816 ferrumine,
742 2757 815 2801 tanto
828 2757 935 2801 tremore
949 2756 1005 2802 etc.

248 2817 274 2880 7)
294 2821 448 2883 impetrandi
463 2818 496 2870 Β.

248 2884 275 2948 8)
293 2893 352 2937 tunc
369 2903 420 2937 rear
437 2887 603 2937 constituerat
620 2887 651 2935 B.

247 2952 274 3014 9)
293 2955 366 3004 inter
384 2956 419 3004 ad
436 2959 463 3003 et
481 2969 544 3018 opas
562 2954 705 3004 interserit
721 2955 749 3004 ai
766 2953 797 3004 B.

232 3019 562 3086 10)0urreproqua13.
593 3031 597 3044 ·
