2154 3678
496 179 705 240 -ro—

196 347 317 407 semper
335 329 500 400 immanior,
516 336 618 386 vestes
634 326 819 406 pauperibus
833 327 1004 406 deputatas,

197 421 228 472 et
249 413 310 470 alia
332 413 479 471 nonnulla
500 412 629 471 credidit
655 411 831 472 auferenda.
862 412 919 472 Oui
942 434 1005 472 sce·

196 499 254 556 leri
268 498 461 575 sacrilegium
482 498 642 576 copulans,
671 497 798 556 calicem
818 507 1006 575 argenteum,

197 590 360 660 ceteraque
375 584 480 641 altaris
496 583 663 641 ministeria
677 584 836 660 praecepit
850 580 1006 659 auferri1).

197 665 285 744 Quae
304 687 370 726 cum
382 669 523 746 imposita
539 677 640 725 essent
655 668 749 725 sacris
767 667 933 740 altaribus,
950 688 1007 726 nec

197 751 326 812 auderet
349 751 483 810 directus
503 751 626 811 villicus
649 751 686 809 ad
707 751 770 809 tale
795 751 915 811 facinus
937 773 1007 812 suas

197 857 303 896 manus
329 836 511 908 extendere,
533 835 693 916 quemdam
715 837 857 911 militem,
880 837 1007 895 Auinia·
1045 831 1046 892 l

196 919 298 997 num²)
314 923 469 998 momine,
501 921 644 999 compulit
673 920 805 999 diripere
835 931 1007 982 memorata.

198 1005 258 1082 Qui
275 1006 413 1085 quamvis
428 1006 540 1063 invitus
557 1013 723 1084 praecepta
735 1006 913 1085 perficiens,
938 1027 1006 1065 mox
1045 1039 1046 1046 κ

197 1099 299 1148 tamen
325 1089 548 1149 incessabiliter
575 1099 706 1149 vexatus
733 1091 864 1150 omnium
890 1099 1007 1150 tumore

197 1170 442 1252 membrorumss),
459 1173 618 1233 daemonio
635 1195 756 1254 quoque
776 1176 947 1254 corripitur.
979 1177 1008 1234 Is

198 1279 270 1335 ergo
291 1259 440 1325 velociter
462 1259 587 1318 consilio
604 1260 728 1319 meliore
750 1263 881 1318 correxit
897 1268 1006 1319 errata.

199 1343 348 1422 Suscepto
372 1365 503 1425 namque
522 1343 723 1422 professionis
743 1354 869 1404 sanctae
896 1365 1006 1424 propo-

199 1430 271 1501 sito,
303 1429 333 1486 in
364 1429 484 1488 insulae
511 1427 676 1488 solitudine
703 1431 793 1488 armis
825 1429 1008 1489 coelestibus

197 1515 399 1592 mancipatus,
408 1515 535 1573 militiae
550 1515 745 1572 commutavit
761 1515 903 1574 officium.
932 1516 1007 1574 Fer·

199 1597 456 1657 deruchusautem
468 1600 623 1658 immemor
634 1600 865 1658 contestationis
879 1609 910 1658 et
920 1619 1007 1677 prae·

199 1684 275 1759 sagii
288 1683 386 1740 sancti
401 1684 473 1754 viri,
491 1683 606 1742 abrasis
621 1682 758 1743 omnibus
773 1685 952 1743 monasterii
963 1705 1008 1742 re·

197 1767 269 1840 bus,
289 1767 423 1844 parietes
438 1776 569 1840 tantum,
585 1787 661 1846 quos
676 1769 820 1827 Danubio
835 1790 895 1828 non
910 1771 1009 1847 potuit

198 1851 377 1919 transferre,
401 1850 522 1910 dimisit.
552 1851 615 1912 Sed
637 1873 707 1911 mox
730 1855 761 1911 in
782 1874 850 1913 oum
864 1854 941 1912 ultio
958 1854 1007 1912 de·

198 1938 338 1995 nuntiata
358 1938 514 2016 pervenit3
537 1956 608 1995 narn
622 1938 702 1996 intra
717 1939 827 1997 mensis
843 1940 976 2017 spatium
991 1959 1010 1996 a

197 2017 402 2099 Frederi004)
427 2021 527 2081 fratris
553 2021 616 2080 filio
641 2022 835 2096 interfectus,
862 2023 1010 2104 praedam

198 2107 314 2184 pariter
330 2107 429 2166 amisit
446 2115 477 2166 et
493 2107 596 2165 vitam.
624 2105 818 2187 Quapropter
832 2129 888 2168 rex
905 2107 1009 2167 Odoa-

201 2187 282 2268 cer5)
300 2191 397 2266 Rugis
412 2191 515 2250 intulit
532 2191 660 2260 bellum,
686 2192 794 2270 quibus
814 2194 905 2251 etiam
924 2192 1008 2252 devi-

201 2276 257 2334 ctis
281 2283 311 2333 et
331 2275 494 2334 Proderico
518 2276 640 2352 fugato,
668 2286 754 2354 patre
776 2298 897 2357 quoque
921 2279 1011 2337 Feva

252 2490 276 2553 l)
295 2491 452 2554 referrenda
469 2492 501 2541 B.
522 2547 526 2556 ,

182 2601 186 2608 -
249 2574 276 2640 2)
295 2577 443 2626 Asinianum
460 2577 492 2628 B.

250 2658 278 2723 3)
297 2663 400 2710 omnium
422 2661 584 2711 membrorum
606 2670 723 2713 tremore.
754 2664 787 2712 In
810 2663 875 2714 Cod.
894 2664 926 2714 A.
953 2681 1011 2715 cor-

200 2732 311 2777 rectura
328 2734 424 2779 tumore
442 2745 458 2778 a
476 2729 598 2780 secunda
615 2745 706 2780 manu.

251 2811 278 2874 4)
297 2813 429 2862 Friden'co
447 2813 479 2864 Β.
514 2814 649 2879 Exceptio
673 2814 703 2864 fit
725 2814 838 2880 regulae
863 2817 942 2866 cuius
966 2833 1011 2867 su·

200 2894 252 2942 pra
270 2879 355 2930 XLII.
374 2884 431 2930 not.
451 2881 466 2928 2
484 2882 648 2931 mentionem
667 2882 731 2932 soci.

250 2959 279 3026 5)
299 2961 451 3014 OtocltarB.
