2154 3678
488 255 695 314 ..24-

168 413 274 482 ¹grata
301 405 455 463 contentio
485 403 676 462 nascebatur.
713 403 764 461 Ex
790 402 842 460 illo
871 398 1010 479 igitur7)

186 503 338 568 tempore,
363 509 422 567 quo
441 499 487 547 est
503 489 623 548 reddita
643 488 776 559 sanitas,
801 487 972 568 desperata
981 483 1010 563 ⁸)

159 649 161 652 Ι
187 575 331 633 universa
351 575 506 650 Rugorum
528 593 604 650 gens
627 572 666 630 ad
687 574 749 631 Dei
771 572 918 630 famulum
943 573 1010 629 fre-

158 669 161 676 '
188 667 339 738 quantana
362 660 462 735 coepit
482 658 696 734 gratulationis
724 657 903 736 obsequium
931 655 1009 714 red-

189 745 275 817 dere,
300 753 330 802 et
352 764 440 820 opem
457 743 518 800 suis
533 743 689 821 postulare
709 739 919 818 languoribus.
954 742 1009 799 De
1055 801 1056 804 ,

189 830 256 887 aliis
269 829 361 887 etiam
376 827 527 905 gentibus,
536 827 574 886 ad
586 847 661 906 quas
674 829 750 885 tanti
765 826 903 884 miraculi
918 825 1009 883 fama

187 920 380 991 pervenerat,
399 911 486 970 multi
503 911 615 970 Christi
630 913 757 970 militem
771 910 876 970 videre
894 911 1007 987 cupie·

187 1000 271 1057 bant.

252 1079 322 1156 Qua
341 1079 504 1138 devotione
521 1080 612 1138 ctiam
628 1088 698 1137 ante
720 1080 778 1137 hoc
797 1079 911 1136 factum
936 1079 1007 1157 qui·
1057 1089 1058 1158 ξ

79 1229 87 1249 ⁸
190 1163 258 1222 dam
279 1163 400 1244 barbari
430 1184 496 1222 cum
519 1163 559 1222 ad
579 1164 701 1222 Italiam
727 1171 907 1242 pergerent,
930 1183 1004 1241 pro·
1042 1227 1048 1238 ,

189 1250 353 1308 merendae
374 1248 595 1308 benedictionis
617 1248 655 1306 ad
679 1241 747 1306 eum
771 1250 883 1307 intuitu
907 1247 1005 1306 deve·
1057 1263 1058 1266 ’

189 1331 342 1409 neruntt).

253 1419 324 1479 VII.
353 1419 438 1477 luter
459 1437 533 1497 quos
560 1425 591 1476 et
607 1411 795 1494 Odoacer¹)‚
821 1417 872 1494 qui
892 1423 1007 1495 postea

190 1505 332 1580 regnavit
347 1504 476 1576 Italiae,
492 1503 639 1563 vilissimo
652 1512 724 1561 tuuc
737 1501 859 1575 habitu,
880 1502 1005 1559 invenis

191 1597 307 1647 statura
331 1607 473 1665 procerus
501 1587 678 1648 advenerat.
718 1585 869 1664 Quidum
892 1605 926 1644 se
946 1586 1004 1644 hu·

190 1669 349 1747 millime2)
374 1680 487 1730 tectum
510 1672 641 1730 cellulae
663 1692 717 1730 suo
738 1671 853 1730 vertice
873 1689 913 1727 ne
931 1690 1004 1728 con·

191 1757 338 1832 tingeret,
361 1757 555 1827 inclinasset,
578 1775 596 1813 a
615 1757 681 1815 viro
695 1758 757 1815 Dei
781 1755 945 1832 gloriosum
968 1775 1004 1814 se

190 1841 256 1898 fore
280 1841 429 1916 cognovit.
463 1838 520 1898 Oui
542 1841 633 1899 etiam
656 1840 857 1900 valedicenti:
881 1838 1004 1912 „Vade,
1057 1823 1058 1858 l

191 1925 305 2004 inquit,
332 1924 427 1996 vade,
450 1926 605 1984 vilissimis
624 1945 705 1984 nuuc
725 1922 858 2004 pellibus
874 1943 1003 2001 cooper-

190 2019 255 2086 tus,
272 2009 327 2068 sed
340 2009 443 2067 multis
461 2011 519 2068 cito
534 2009 663 2089 plurima
678 2010 874 2087 largiturus.“

254 2093 342 2154 VIII.
377 2089 602 2171 Pelethaeus¹)
635 2114 755 2173 quoque
782 2113 854 2165 rex,
890 2093 1004 2171 qui'et

190 2174 327 2256 Fova2),
351 2174 757 2257 memorati³)F1acctthaeis
774 2186 932 2256 paternam
954 2197 1003 2237 se·

244 2430 269 2493 7)
289 2447 337 2497 pro
356 2432 433 2496 igitur
450 2430 482 2480 B.
502 2433 577 2488 clrior,
601 2435 730 2480 nontam
748 2429 838 2496 logice
858 2445 936 2493 quam
956 2445 1002 2478 co·
1057 2479 1058 2514 1

211 2498 323 2548 ulative.

138 2567 141 2578 '
193 2515 209 2564 p
244 2565 272 2630 8)
291 2569 428 2630 desperato
447 2564 514 2614 cod.
532 2565 563 2612 Β.
584 2565 634 2613 ref.
656 2564 690 2613 ad
710 2580 766 2630 quc.

244 2633 271 2696 9)
290 2637 447 2684 diberteruat
464 2633 496 2682 Β.

245 2700 271 2766 1)
291 2701 357 2752 Cori.
374 2701 406 2752 B.
426 2699 523 2749 scribit
542 2698 699 2748 Odoooclror.
729 2699 793 2748 Bar.
808 2698 932 2749 Odoacar.

245 2770 270 2830 2)
291 2785 321 2818 ne
339 2771 427 2818 humile
445 2768 478 2817 Β.
819 2771 820 2774 ’

246 2835 271 2898 1)
291 2836 356 2886 (lod.
371 2839 403 2885 Α.
422 2838 579 2885 constanter
597 2834 696 2883 scribit
714 2835 870 2891 Feletlruear,
890 2831 952 2882 eod.
968 2834 1000 2885 Β.

194 2901 334 2960 Felecteas,
352 2903 489 2952 Batonius
507 2903 649 2960 Felelbeua
668 2902 732 2951 Pez.
752 2903 880 2952 Fletlzcns.

246 2967 271 3029 2)
290 2971 361 3019 Foco
372 2971 405 3020 Β.
423 2971 494 3021 Faba
504 2969 649 3021 Batonius.

245 3033 272 3098 3)
287 3039 355 3096 filius
374 3037 435 3087 add.
454 3039 486 3088 Β.
