2154 3678
372 263 581 324 „65-

67 432 130 470 uno
155 412 308 470 momento
335 410 427 470 iidem
452 411 592 470 monaehi
619 411 766 472 daemone
791 415 881 472 corri-

68 498 177 576 piente
189 497 304 568 vexati,
315 499 536 555 contumaciam
552 497 598 554 sui
610 499 742 574 pectoris
755 498 882 558 vocibus

23 627 27 634 .
69 580 210 640 t'atebant
198 577 293 658 tur2.)
331 581 467 640 Absitu
447 582 647 660 utcuiquam
673 581 731 640 hoo
758 582 881 642 crudele

68 665 214 724 videatur
237 675 289 724 aut
308 667 446 738 noxium,
474 667 546 746 quia
567 666 672 724 traditi
692 675 761 725 sunt
778 667 881 726 huius-

69 750 153 810 modi
186 748 357 828 homines³)
387 762 513 810 satanae
534 752 566 808 in
594 752 747 810 interitum
773 755 882 823 carnis,

71 837 151 894 siout
179 835 287 894 beatus
315 833 459 913 docens4)
488 835 667 914 Apostolus,
696 845 730 894 ut
759 837 882 915 spiritua

15 951 16 954 ¹
71 920 175 978 salvus
191 921 275 978 sitin
293 919 341 978 die
358 921 480 979 Domini
499 920 570 978 Iesu
596 919 639 996 (Ι.
659 919 728 980 Gor.
745 933 771 1019 53
790 917 882 998 5.)⁵)·

15 1073 16 1080 ,
72 1025 140 1064 eum
173 1005 208 1062 Β.
238 1005 417 1064 Ambrosius
451 1004 690 1064 Mediolanensis
721 1006 883 1084 episcopus

71 1109 194 1148 servum
215 1089 388 1158 Stiliconis,
418 1091 598 1149 auctoritate
582 1086 798 1168 e⁶)salsarum
819 1092 882 1170 epi-

15 1223 16 1238 ,
71 1174 219 1232 stolarum
240 1173 477 1252 deprehensum,
504 1174 616 1233 dixerit
639 1185 778 1254 oportere
802 1176 883 1234 tradi

72 1257 224 1331 Satanae,
250 1279 289 1317 ne
304 1259 379 1318 talia.
393 1256 603 1338 postmodum⁷
606 1259 761 1337 >auderet
777 1260 883 1318 admit-

71 1354 153 1419 tere3
179 1363 268 1423 quem
286 1343 393 1402 eodem
408 1349 572 1417 momento,
588 1363 653 1401 eum
670 1343 770 1402 adhuc
786 1364 882 1402 sermo

72 1437 155 1487 esset
169 1428 202 1486 in
225 1449 276 1487 ore
299 1427 482 1502 sacerdotia,
507 1430 630 1506 spiritus
648 1427 817 1486 immundus
836 1449 883 1486 ar-

71 1522 193 1593 reptum
206 1514 306 1593 coepit
322 1513 506 1590 discerpere.
541 1511 674 1591 Severus
687 1533 806 1593 quoque
815 1513 884 1572 Sul-

72 1599 165 1678 pitius
186 1597 281 1655 refert
302 1617 341 1656 ex
365 1597 514 1656 relatione
540 1598 762 1671 Posthumiani,
787 1599 884 1656 virum

72 1681 236 1767 quemdam
257 1685 373 1760 magnis
393 1682 556 1742 virtutibus
581 1684 736 1763 signisque
761 1682 884 1742 mirabi-

36 1787 37 1790 ’
72 1768 147 1841 lein,
171 1767 211 1824 ad
233 1767 450 1846 expellendam
471 1768 509 1826 de
534 1767 624 1827 corde
647 1789 699 1826 suo
719 1769 884 1826 iactantiae

71 1854 242 1910 vanitatem
266 1848 354 1930 quam
378 1854 559 1924 incurrerat,
586 1873 730 1911 exorasse
756 1862 791 1912 ut
817 1873 883 1930 per·

73 1939 167 1996 missa
184 1937 215 1994 in
232 1955 265 1994 se
280 1937 434 1996 mensibus
450 1939 584 2018 quinque
599 1937 713 1995 diaboli
723 1945 884 2015 potestate,
915 1946 935 1986 -’

73 2023 182 2081 similis
205 2020 253 2078 his
276 2021 365 2080 fieret
387 2042 463 2102 quoa
486 2024 554 2101 ipse
580 2031 748 2080 curaverat.
783 2021 884 2080 Idem·

75 2102 171 2188 que⁸)
194 2115 398 2184 postpauca:
432 2103 569 2186 itaque9)
593 2113 751 2184 correptus,
771 2126 789 2164 a
813 2105 886 2165 dae-

75 2211 181 2262 mone,
203 2199 305 2249 tentue
326 2193 357 2250 in
375 2191 521 2264 vinealia,
547 2192 646 2249 omnia
662 2209 740 2271 quae
755 2211 885 2270 energu-

125 2375 152 2438 2)
174 2376 359 2426 abundantius
376 2377 421 2426 B.:
445 2378 624 2426 contumacium
641 2392 710 2426 auum
725 2378 887 2442 pectorisque

70 2445 170 2508 foetum
187 2461 218 2494 ao
234 2443 378 2509 superbiam
395 2446 482 2494 cordis
498 2444 681 2495 udeerudilibus
702 2444 803 2512 occidue
819 2446 888 2507 fute-

72 2515 178 2562 bantur.

127 2578 153 2640 3)
173 2579 284 2629 dominer
302 2579 406 2628 excidit
423 2580 452 2628 iu
468 2580 501 2630 B.

127 2645 155 2711 4)
174 2648 248 2697 docet
266 2647 297 2696 B

128 2714 185 2776 5)
174 2729 200 2763 m
218 2716 319 2764 Domini
335 2716 418 2764 nostri
434 2714 495 2764 Iesu
516 2715 609 2765 Okrmti
624 2715 656 2766 B

128 2780 156 2846 6)
176 2788 304 2832 auctorem
321 2781 368 2842 Β
393 2782 480 2832 cont:
501 2783 581 2848 argui
599 2797 628 2868 re
641 2767 750 2846 aliqua.
821 2827 825 2843 ,

128 2849 183 2911 7)
173 2865 206 2898 zm
204 2856 335 2914 porterum
352 2819 383 2900 Β.

129 2915 157 2981 8)
176 2917 249 2968 Idem
265 2917 297 2966 B

128 2982 156 3049 t)
174 2987 288 3052 idemque
302 2985 338 3038 A.
367 2987 450 3038 Error
467 2986 514 3050 qui
532 2983 667 3049 explicari
685 2985 779 3035 forsan
797 2987 889 3049 potest

77 3071 113 3106 ex
130 3053 312 3118 praecedenti
327 3055 451 3119 idemque.

122 3153 189 3190 vrri
209 3154 232 3189 a.
253 3153 395 3190 eruemur.
663 3207 667 3214 Ι
718 3123 736 3181 5
