<?xml version="1.0" encoding="UTF-8"?>
<!DOCTYPE html PUBLIC "-//W3C//DTD XHTML 1.0 Transitional//EN"
    "http://www.w3.org/TR/xhtml1/DTD/xhtml1-transitional.dtd">
<html xmlns="http://www.w3.org/1999/xhtml" xml:lang="en" lang="en">
 <head>
  <title>
</title>
<meta http-equiv="Content-Type" content="text/html;charset=utf-8" />
  <meta name='ocr-system' content='tesseract 3.04.00' />
  <meta name='ocr-capabilities' content='ocr_page ocr_carea ocr_par ocr_line ocrx_word'/>
</head>
<body>
  <div class='ocr_page' id='page_1' title='image "./vitasseverini00kersgoog_0069.png"; bbox 0 0 2154 3678; ppageno 0'>
   <div class='ocr_carea' id='block_1_1' title="bbox 502 206 712 266">
    <p class='ocr_par' dir='ltr' id='par_1_1' title="bbox 502 206 712 266">
     <span class='ocr_line' id='line_1_1' title="bbox 502 206 712 266; baseline 0 -20"><span class='ocrx_word' id='word_1_1' title='bbox 502 206 712 266; x_wconf 55' lang='lat'>„42-</span> 
     </span>
    </p>
   </div>
   <div class='ocr_carea' id='block_1_2' title="bbox 202 353 1054 1278">
    <p class='ocr_par' dir='ltr' id='par_1_2' title="bbox 202 353 1054 1278">
     <span class='ocr_line' id='line_1_2' title="bbox 202 353 1020 434; baseline -0.001 -21"><span class='ocrx_word' id='word_1_2' title='bbox 202 373 293 434; x_wconf 86' lang='lat' dir='ltr'>peres</span> <span class='ocrx_word' id='word_1_3' title='bbox 307 354 429 432; x_wconf 85' lang='lat' dir='ltr'><strong>plurimi</strong></span> <span class='ocrx_word' id='word_1_4' title='bbox 446 355 701 433; x_wconf 80' lang='lat' dir='ltr'>contemplantes,</span> <span class='ocrx_word' id='word_1_5' title='bbox 724 356 862 434; x_wconf 83' lang='lat' dir='ltr'>quamvis</span> <span class='ocrx_word' id='word_1_6' title='bbox 883 374 926 413; x_wconf 84' lang='lat' dir='ltr'>ex</span> <span class='ocrx_word' id='word_1_7' title='bbox 945 353 1020 413; x_wconf 86' lang='lat' dir='ltr'>duro</span> 
     </span>
     <span class='ocr_line' id='line_1_3' title="bbox 203 435 1021 523; baseline 0.002 -27"><span class='ocrx_word' id='word_1_8' title='bbox 203 438 401 498; x_wconf 86' lang='lat' dir='ltr'>barbarorum</span> <span class='ocrx_word' id='word_1_9' title='bbox 420 440 545 517; x_wconf 88' lang='lat' dir='ltr'>imperio</span> <span class='ocrx_word' id='word_1_10' title='bbox 561 441 650 523; x_wconf 79' lang='lat' dir='ltr'>famis</span> <span class='ocrx_word' id='word_1_11' title='bbox 665 441 835 516; x_wconf 83' lang='lat' dir='ltr'>angustiam</span> <span class='ocrx_word' id='word_1_12' title='bbox 843 435 869 515; x_wconf 84' lang='lat'>²)</span> <span class='ocrx_word' id='word_1_13' title='bbox 886 441 1021 500; x_wconf 89' lang='lat' dir='ltr'>sustine·</span> 
     </span>
     <span class='ocr_line' id='line_1_4' title="bbox 202 519 1020 601; baseline -0.001 -19"><span class='ocrx_word' id='word_1_14' title='bbox 202 533 287 597; x_wconf 89' lang='lat' dir='ltr'>rent,</span> <span class='ocrx_word' id='word_1_15' title='bbox 317 519 552 600; x_wconf 81' lang='lat' dir='ltr'>devotissime³)</span> <span class='ocrx_word' id='word_1_16' title='bbox 582 525 702 601; x_wconf 83' lang='lat' dir='ltr'>frugum</span> <span class='ocrx_word' id='word_1_17' title='bbox 728 544 850 584; x_wconf 84' lang='lat' dir='ltr'>suarum</span> <span class='ocrx_word' id='word_1_18' title='bbox 880 524 1020 584; x_wconf 88' lang='lat' dir='ltr'>decimas</span> 
     </span>
     <span class='ocr_line' id='line_1_5' title="bbox 203 607 1021 688; baseline 0.001 -22"><span class='ocrx_word' id='word_1_19' title='bbox 203 609 388 688; x_wconf 86' lang='lat' dir='ltr'>pauperibus</span> <span class='ocrx_word' id='word_1_20' title='bbox 400 608 623 688; x_wconf 80' lang='lat' dir='ltr'>impendebant.</span> <span class='ocrx_word' id='word_1_21' title='bbox 641 607 732 686; x_wconf 76' lang='lat' dir='ltr'>Quod</span> <span class='ocrx_word' id='word_1_22' title='bbox 750 608 928 668; x_wconf 84' lang='lat' dir='ltr'>mandatum</span> <span class='ocrx_word' id='word_1_23' title='bbox 945 609 1021 668; x_wconf 89' lang='lat' dir='ltr'>licet</span> 
     </span>
     <span class='ocr_line' id='line_1_6' title="bbox 205 690 1020 773; baseline 0 -21"><span class='ocrx_word' id='word_1_24' title='bbox 205 695 320 754; x_wconf 89' lang='lat' dir='ltr'>cunctis</span> <span class='ocrx_word' id='word_1_25' title='bbox 337 695 461 772; x_wconf 81' lang='lat' dir='ltr'>exlege</span> <span class='ocrx_word' id='word_1_26' title='bbox 476 690 712 770; x_wconf 53' lang='lat' dir='ltr'>notissimum),</span> <span class='ocrx_word' id='word_1_27' title='bbox 735 703 838 754; x_wconf 86' lang='lat' dir='ltr'>tamen</span> <span class='ocrx_word' id='word_1_28' title='bbox 861 695 955 773; x_wconf 86' lang='lat' dir='ltr'>quasi</span> <span class='ocrx_word' id='word_1_29' title='bbox 982 713 1020 752; x_wconf 81' lang='lat' dir='ltr'>ex</span> 
     </span>
     <span class='ocr_line' id='line_1_7' title="bbox 204 777 1019 857; baseline -0.002 -19"><span class='ocrx_word' id='word_1_30' title='bbox 204 798 255 838; x_wconf 93' lang='lat' dir='ltr'>ore</span> <span class='ocrx_word' id='word_1_31' title='bbox 272 779 386 856; x_wconf 86' lang='lat' dir='ltr'>Angeli</span> <span class='ocrx_word' id='word_1_32' title='bbox 402 780 573 857; x_wconf 86' lang='lat' dir='ltr'>praesentis</span> <span class='ocrx_word' id='word_1_33' title='bbox 594 777 749 852; x_wconf 85' lang='lat' dir='ltr'>audirent,</span> <span class='ocrx_word' id='word_1_34' title='bbox 771 777 900 855; x_wconf 85' lang='lat' dir='ltr'>gratiam</span> <span class='ocrx_word' id='word_1_35' title='bbox 923 777 1019 838; x_wconf 90' lang='lat' dir='ltr'>devo·</span> 
     </span>
     <span class='ocr_line' id='line_1_8' title="bbox 202 863 1019 943; baseline 0 -20"><span class='ocrx_word' id='word_1_36' title='bbox 202 866 285 923; x_wconf 90' lang='lat' dir='ltr'>tione</span> <span class='ocrx_word' id='word_1_37' title='bbox 301 863 473 922; x_wconf 89' lang='lat' dir='ltr'>servabant.</span> <span class='ocrx_word' id='word_1_38' title='bbox 504 864 614 941; x_wconf 83' lang='lat' dir='ltr'>Frigus</span> <span class='ocrx_word' id='word_1_39' title='bbox 629 883 751 943; x_wconf 91' lang='lat' dir='ltr'>quoque</span> <span class='ocrx_word' id='word_1_40' title='bbox 766 864 882 922; x_wconf 86' lang='lat' dir='ltr'>virDei</span> <span class='ocrx_word' id='word_1_41' title='bbox 899 872 1019 923; x_wconf 87' lang='lat' dir='ltr'>tantum</span> 
     </span>
     <span class='ocr_line' id='line_1_9' title="bbox 202 947 1018 1027; baseline -0.002 -19"><span class='ocrx_word' id='word_1_42' title='bbox 202 950 234 1008; x_wconf 87' lang='lat' dir='ltr'>in</span> <span class='ocrx_word' id='word_1_43' title='bbox 249 948 387 1007; x_wconf 88' lang='lat' dir='ltr'>nuditate</span> <span class='ocrx_word' id='word_1_44' title='bbox 403 968 571 1026; x_wconf 88' lang='lat' dir='ltr'>pauperum</span> <span class='ocrx_word' id='word_1_45' title='bbox 585 948 755 1008; x_wconf 84' lang='lat' dir='ltr'>sentiebat:</span> <span class='ocrx_word' id='word_1_46' title='bbox 778 947 930 1027; x_wconf 89' lang='lat' dir='ltr'>siquidem</span> <span class='ocrx_word' id='word_1_47' title='bbox 948 968 1018 1027; x_wconf 88' lang='lat' dir='ltr'>spe·</span> 
     </span>
     <span class='ocr_line' id='line_1_10' title="bbox 204 1031 1018 1110; baseline 0 -20"><span class='ocrx_word' id='word_1_48' title='bbox 204 1033 325 1090; x_wconf 81' lang='lat' dir='ltr'>cialiter</span> <span class='ocrx_word' id='word_1_49' title='bbox 351 1051 370 1089; x_wconf 89' lang='lat' dir='ltr'>a</span> <span class='ocrx_word' id='word_1_50' title='bbox 386 1032 455 1090; x_wconf 91' lang='lat' dir='ltr'>Deo</span> <span class='ocrx_word' id='word_1_51' title='bbox 477 1040 674 1110; x_wconf 75' lang='lat' dir='ltr'>perceperat,</span> <span class='ocrx_word' id='word_1_52' title='bbox 699 1042 733 1091; x_wconf 90' lang='lat' dir='ltr'>ut</span> <span class='ocrx_word' id='word_1_53' title='bbox 757 1034 789 1091; x_wconf 92' lang='lat' dir='ltr'>in</span> <span class='ocrx_word' id='word_1_54' title='bbox 817 1031 1018 1110; x_wconf 84' lang='lat' dir='ltr'>frigidissima</span> 
     </span>
     <span class='ocr_line' id='line_1_11' title="bbox 202 1115 1054 1194; baseline 0.001 -19"><span class='ocrx_word' id='word_1_55' title='bbox 202 1118 346 1193; x_wconf 85' lang='lat' dir='ltr'>regione,</span> <span class='ocrx_word' id='word_1_56' title='bbox 373 1115 503 1174; x_wconf 86' lang='lat' dir='ltr'>mirabili</span> <span class='ocrx_word' id='word_1_57' title='bbox 521 1117 705 1176; x_wconf 87' lang='lat' dir='ltr'>abstinentia</span> <span class='ocrx_word' id='word_1_58' title='bbox 720 1119 902 1194; x_wconf 86' lang='lat' dir='ltr'>castigatus,</span> <span class='ocrx_word' id='word_1_59' title='bbox 928 1118 1017 1176; x_wconf 87' lang='lat' dir='ltr'>fortis</span> <span class='ocrx_word' id='word_1_60' title='bbox 1053 1129 1054 1132; x_wconf 76' lang='grc'>’</span> 
     </span>
     <span class='ocr_line' id='line_1_12' title="bbox 204 1201 1019 1278; baseline 0.001 -18"><span class='ocrx_word' id='word_1_61' title='bbox 204 1209 234 1260; x_wconf 91' lang='lat' dir='ltr'>et</span> <span class='ocrx_word' id='word_1_62' title='bbox 253 1202 355 1260; x_wconf 86' lang='lat' dir='ltr'>alacer</span> <span class='ocrx_word' id='word_1_63' title='bbox 375 1210 578 1278; x_wconf 87' lang='lat' dir='ltr'>permaneret.</span> <span class='ocrx_word' id='word_1_64' title='bbox 613 1203 673 1260; x_wconf 90' lang='lat' dir='ltr'>Pro</span> <span class='ocrx_word' id='word_1_65' title='bbox 696 1201 821 1260; x_wconf 88' lang='lat' dir='ltr'>decimis</span> <span class='ocrx_word' id='word_1_66' title='bbox 843 1212 962 1276; x_wconf 89' lang='lat' dir='ltr'>autem,</span> <span class='ocrx_word' id='word_1_67' title='bbox 986 1211 1019 1262; x_wconf 87' lang='lat' dir='ltr'>ut</span> 
     </span>
    </p>
   </div>
   <div class='ocr_carea' id='block_1_3' title="bbox 202 1284 1057 1874">
    <p class='ocr_par' dir='ltr' id='par_1_3' title="bbox 202 1284 1057 1874">
     <span class='ocr_line' id='line_1_13' title="bbox 204 1284 1055 1366; baseline 0.002 -22"><span class='ocrx_word' id='word_1_68' title='bbox 204 1285 351 1359; x_wconf 86' lang='lat' dir='ltr'>diximus,</span> <span class='ocrx_word' id='word_1_69' title='bbox 380 1285 504 1358; x_wconf 89' lang='lat' dir='ltr'>dandis,</span> <span class='ocrx_word' id='word_1_70' title='bbox 534 1284 644 1366; x_wconf 87' lang='lat' dir='ltr'>quibus</span> <span class='ocrx_word' id='word_1_71' title='bbox 671 1306 823 1365; x_wconf 85' lang='lat' dir='ltr'>pauperes</span> <span class='ocrx_word' id='word_1_72' title='bbox 850 1287 1017 1360; x_wconf 85' lang='lat' dir='ltr'>alerentur,</span> <span class='ocrx_word' id='word_1_73' title='bbox 1054 1307 1055 1356; x_wconf 54' lang='grc' dir='ltr'>ζ</span> 
     </span>
     <span class='ocr_line' id='line_1_14' title="bbox 202 1368 1017 1452; baseline 0.004 -23"><span class='ocrx_word' id='word_1_74' title='bbox 202 1371 310 1430; x_wconf 90' lang='lat' dir='ltr'>Norici</span> <span class='ocrx_word' id='word_1_75' title='bbox 332 1391 452 1452; x_wconf 89' lang='lat' dir='ltr'>quoque</span> <span class='ocrx_word' id='word_1_76' title='bbox 476 1368 641 1450; x_wconf 76' lang='lat' dir='ltr'>populcs⁵)</span> <span class='ocrx_word' id='word_1_77' title='bbox 665 1373 765 1432; x_wconf 89' lang='lat' dir='ltr'>missis</span> <span class='ocrx_word' id='word_1_78' title='bbox 794 1371 1017 1432; x_wconf 87' lang='lat' dir='ltr'>exhortabatur</span> 
     </span>
     <span class='ocr_line' id='line_1_15' title="bbox 203 1456 1017 1536; baseline 0.001 -21"><span class='ocrx_word' id='word_1_79' title='bbox 203 1456 348 1534; x_wconf 89' lang='lat' dir='ltr'>epistolis.</span> <span class='ocrx_word' id='word_1_80' title='bbox 374 1457 423 1514; x_wconf 84' lang='lat' dir='ltr'>Ex</span> <span class='ocrx_word' id='word_1_81' title='bbox 442 1475 503 1536; x_wconf 86' lang='lat' dir='ltr'>qua</span> <span class='ocrx_word' id='word_1_82' title='bbox 520 1456 737 1516; x_wconf 88' lang='lat' dir='ltr'>consuetudine</span> <span class='ocrx_word' id='word_1_83' title='bbox 754 1476 821 1516; x_wconf 91' lang='lat' dir='ltr'>cum</span> <span class='ocrx_word' id='word_1_84' title='bbox 837 1458 1017 1516; x_wconf 85' lang='lat' dir='ltr'>nonnullam</span> 
     </span>
     <span class='ocr_line' id='line_1_16' title="bbox 203 1540 1017 1618; baseline 0.004 -19"><span class='ocrx_word' id='word_1_85' title='bbox 203 1541 242 1599; x_wconf 90' lang='lat' dir='ltr'>ad</span> <span class='ocrx_word' id='word_1_86' title='bbox 266 1560 333 1600; x_wconf 91' lang='lat' dir='ltr'>eum</span> <span class='ocrx_word' id='word_1_87' title='bbox 355 1540 576 1618; x_wconf 83' lang='lat' dir='ltr'>erogandarum</span> <span class='ocrx_word' id='word_1_88' title='bbox 594 1543 725 1600; x_wconf 88' lang='lat' dir='ltr'>vestium</span> <span class='ocrx_word' id='word_1_89' title='bbox 745 1542 863 1618; x_wconf 90' lang='lat' dir='ltr'>copiam</span> <span class='ocrx_word' id='word_1_90' title='bbox 886 1540 1017 1602; x_wconf 87' lang='lat' dir='ltr'>direxis-</span> 
     </span>
     <span class='ocr_line' id='line_1_17' title="bbox 202 1626 1017 1707; baseline 0.002 -23"><span class='ocrx_word' id='word_1_91' title='bbox 202 1635 283 1698; x_wconf 91' lang='lat' dir='ltr'>sent,</span> <span class='ocrx_word' id='word_1_92' title='bbox 304 1627 505 1702; x_wconf 84' lang='lat' dir='ltr'>interrogavit</span> <span class='ocrx_word' id='word_1_93' title='bbox 523 1646 575 1685; x_wconf 90' lang='lat' dir='ltr'>ecs</span> <span class='ocrx_word' id='word_1_94' title='bbox 594 1627 647 1707; x_wconf 89' lang='lat' dir='ltr'>qui</span> <span class='ocrx_word' id='word_1_95' title='bbox 663 1634 827 1699; x_wconf 88' lang='lat' dir='ltr'>venerant,</span> <span class='ocrx_word' id='word_1_96' title='bbox 847 1626 874 1684; x_wconf 92' lang='lat' dir='ltr'>si</span> <span class='ocrx_word' id='word_1_97' title='bbox 900 1645 940 1686; x_wconf 82' lang='lat' dir='ltr'>ex</span> <span class='ocrx_word' id='word_1_98' title='bbox 964 1647 1017 1704; x_wconf 88' lang='lat' dir='ltr'>cp·</span> 
     </span>
     <span class='ocr_line' id='line_1_18' title="bbox 203 1705 1017 1789; baseline 0.004 -22"><span class='ocrx_word' id='word_1_99' title='bbox 203 1705 310 1788; x_wconf 66' lang='lat' dir='ltr'>pidot)</span> <span class='ocrx_word' id='word_1_100' title='bbox 330 1730 450 1789; x_wconf 91' lang='lat' dir='ltr'>quoque</span> <span class='ocrx_word' id='word_1_101' title='bbox 465 1709 633 1768; x_wconf 84' lang='lat' dir='ltr'>Tiburniae</span> <span class='ocrx_word' id='word_1_102' title='bbox 650 1710 756 1770; x_wconf 87' lang='lat' dir='ltr'>similis</span> <span class='ocrx_word' id='word_1_103' title='bbox 772 1711 895 1769; x_wconf 90' lang='lat' dir='ltr'>collatio</span> <span class='ocrx_word' id='word_1_104' title='bbox 914 1712 1017 1770; x_wconf 87' lang='lat' dir='ltr'>mitte·</span> 
     </span>
     <span class='ocr_line' id='line_1_19' title="bbox 202 1792 1057 1874; baseline 0 -20"><span class='ocrx_word' id='word_1_105' title='bbox 202 1792 307 1854; x_wconf 81' lang='lat' dir='ltr'>retur?</span> <span class='ocrx_word' id='word_1_106' title='bbox 323 1792 591 1873; x_wconf 88' lang='lat' dir='ltr'>Respondentibus</span> <span class='ocrx_word' id='word_1_107' title='bbox 604 1797 695 1854; x_wconf 90' lang='lat' dir='ltr'>etiam</span> <span class='ocrx_word' id='word_1_108' title='bbox 707 1795 778 1854; x_wconf 90' lang='lat' dir='ltr'>inde</span> <span class='ocrx_word' id='word_1_109' title='bbox 790 1796 927 1874; x_wconf 87' lang='lat' dir='ltr'>protinus</span> <span class='ocrx_word' id='word_1_110' title='bbox 940 1797 1016 1856; x_wconf 88' lang='lat' dir='ltr'>affu·</span> <span class='ocrx_word' id='word_1_111' title='bbox 1056 1840 1057 1869; x_wconf 83' lang='lat'>,</span> 
     </span>
    </p>
   </div>
   <div class='ocr_carea' id='block_1_4' title="bbox 201 1878 1017 2296">
    <p class='ocr_par' dir='ltr' id='par_1_4' title="bbox 201 1878 1017 2296">
     <span class='ocr_line' id='line_1_20' title="bbox 201 1878 1015 1958; baseline 0.004 -21"><span class='ocrx_word' id='word_1_112' title='bbox 201 1886 302 1955; x_wconf 84' lang='lat' dir='ltr'>tur0s3</span> <span class='ocrx_word' id='word_1_113' title='bbox 324 1880 371 1937; x_wconf 88' lang='lat' dir='ltr'>vir</span> <span class='ocrx_word' id='word_1_114' title='bbox 385 1878 447 1939; x_wconf 91' lang='lat' dir='ltr'>Dei</span> <span class='ocrx_word' id='word_1_115' title='bbox 463 1898 656 1958; x_wconf 88' lang='lat' dir='ltr'>nequaquam</span> <span class='ocrx_word' id='word_1_116' title='bbox 676 1899 728 1939; x_wconf 91' lang='lat' dir='ltr'>eos</span> <span class='ocrx_word' id='word_1_117' title='bbox 747 1881 853 1939; x_wconf 90' lang='lat' dir='ltr'>venire</span> <span class='ocrx_word' id='word_1_118' title='bbox 869 1881 1015 1957; x_wconf 84' lang='lat' dir='ltr'>signavit,</span> 
     </span>
     <span class='ocr_line' id='line_1_21' title="bbox 202 1962 1017 2042; baseline 0 -20"><span class='ocrx_word' id='word_1_119' title='bbox 202 1964 256 2023; x_wconf 85' lang='lat' dir='ltr'>sed</span> <span class='ocrx_word' id='word_1_120' title='bbox 275 1962 399 2024; x_wconf 87' lang='lat' dir='ltr'>dilatam</span> <span class='ocrx_word' id='word_1_121' title='bbox 417 1984 521 2022; x_wconf 89' lang='lat' dir='ltr'>eorum</span> <span class='ocrx_word' id='word_1_122' title='bbox 537 1964 720 2024; x_wconf 89' lang='lat' dir='ltr'>oblationem</span> <span class='ocrx_word' id='word_1_123' title='bbox 734 1964 889 2042; x_wconf 86' lang='lat' dir='ltr'>praedixit</span> <span class='ocrx_word' id='word_1_124' title='bbox 905 1964 1017 2024; x_wconf 88' lang='lat' dir='ltr'>barba-</span> 
     </span>
     <span class='ocr_line' id='line_1_22' title="bbox 202 2047 1017 2128; baseline 0.002 -20"><span class='ocrx_word' id='word_1_125' title='bbox 202 2050 244 2108; x_wconf 87' lang='lat' dir='ltr'>ris</span> <span class='ocrx_word' id='word_1_126' title='bbox 270 2047 464 2109; x_wconf 87' lang='lat' dir='ltr'>offerendam.</span> <span class='ocrx_word' id='word_1_127' title='bbox 501 2050 611 2128; x_wconf 84' lang='lat' dir='ltr'>Itaque</span> <span class='ocrx_word' id='word_1_128' title='bbox 635 2070 696 2109; x_wconf 89' lang='lat' dir='ltr'>non</span> <span class='ocrx_word' id='word_1_129' title='bbox 721 2049 814 2108; x_wconf 89' lang='lat' dir='ltr'>multo</span> <span class='ocrx_word' id='word_1_130' title='bbox 837 2058 905 2128; x_wconf 88' lang='lat' dir='ltr'>post</span> <span class='ocrx_word' id='word_1_131' title='bbox 930 2050 1017 2110; x_wconf 87' lang='lat' dir='ltr'>cives</span> 
     </span>
     <span class='ocr_line' id='line_1_23' title="bbox 204 2129 1015 2212; baseline 0.002 -20"><span class='ocrx_word' id='word_1_132' title='bbox 204 2129 408 2208; x_wconf 77' lang='lat' dir='ltr'>Tiburniae⁷)</span> <span class='ocrx_word' id='word_1_133' title='bbox 442 2133 635 2207; x_wconf 85' lang='lat' dir='ltr'>dimicantes,</span> <span class='ocrx_word' id='word_1_134' title='bbox 665 2135 719 2193; x_wconf 87' lang='lat' dir='ltr'>vix</span> <span class='ocrx_word' id='word_1_135' title='bbox 748 2130 848 2212; x_wconf 64' lang='lat' dir='ltr'>initiss)</span> <span class='ocrx_word' id='word_1_136' title='bbox 879 2132 1015 2194; x_wconf 87' lang='lat' dir='ltr'>foederis</span> 
     </span>
     <span class='ocr_line' id='line_1_24' title="bbox 202 2219 1016 2296; baseline 0.007 -22"><span class='ocrx_word' id='word_1_137' title='bbox 202 2219 360 2296; x_wconf 90' lang='lat' dir='ltr'>pactione,</span> <span class='ocrx_word' id='word_1_138' title='bbox 380 2220 459 2278; x_wconf 90' lang='lat' dir='ltr'>inter</span> <span class='ocrx_word' id='word_1_139' title='bbox 477 2231 598 2280; x_wconf 86' lang='lat' dir='ltr'>caetera</span> <span class='ocrx_word' id='word_1_140' title='bbox 614 2220 705 2279; x_wconf 89' lang='lat' dir='ltr'>etiam</span> <span class='ocrx_word' id='word_1_141' title='bbox 723 2219 929 2296; x_wconf 84' lang='lat' dir='ltr'>largitionem,</span> <span class='ocrx_word' id='word_1_142' title='bbox 952 2220 1016 2280; x_wconf 87' lang='lat' dir='ltr'>iam</span> 
     </span>
    </p>
   </div>
   <div class='ocr_carea' id='block_1_5' title="bbox 252 2417 713 2819">
    <p class='ocr_par' dir='ltr' id='par_1_5' title="bbox 253 2417 477 2482">
     <span class='ocr_line' id='line_1_25' title="bbox 253 2417 477 2482; baseline 0.009 -17"><span class='ocrx_word' id='word_1_143' title='bbox 253 2417 278 2479; x_wconf 86' lang='lat'>2)</span> <span class='ocrx_word' id='word_1_144' title='bbox 299 2421 429 2482; x_wconf 61' lang='lat' dir='ltr'>angustias</span> <span class='ocrx_word' id='word_1_145' title='bbox 446 2419 477 2467; x_wconf 86' lang='grc' dir='ltr'>Β.</span> 
     </span>
    </p>

    <p class='ocr_par' dir='ltr' id='par_1_6' title="bbox 253 2500 505 2564">
     <span class='ocr_line' id='line_1_26' title="bbox 253 2500 505 2564; baseline -0.008 -12"><span class='ocrx_word' id='word_1_146' title='bbox 253 2500 279 2564; x_wconf 88' lang='grc'>3)</span> <span class='ocrx_word' id='word_1_147' title='bbox 298 2509 381 2551; x_wconf 84' lang='lat' dir='ltr'>tomen</span> <span class='ocrx_word' id='word_1_148' title='bbox 400 2502 461 2551; x_wconf 84' lang='lat' dir='ltr'>add.</span> <span class='ocrx_word' id='word_1_149' title='bbox 474 2503 505 2551; x_wconf 92' lang='lat' dir='ltr'>B.</span> 
     </span>
    </p>

    <p class='ocr_par' dir='ltr' id='par_1_7' title="bbox 252 2586 713 2736">
     <span class='ocr_line' id='line_1_27' title="bbox 254 2586 713 2652; baseline 0.007 -17"><span class='ocrx_word' id='word_1_150' title='bbox 254 2586 281 2650; x_wconf 85' lang='grc'>4)</span> <span class='ocrx_word' id='word_1_151' title='bbox 299 2591 362 2652; x_wconf 81' lang='lat' dir='ltr'>post</span> <span class='ocrx_word' id='word_1_152' title='bbox 379 2590 532 2637; x_wconf 66' lang='lat' dir='ltr'>notbelmum</span> <span class='ocrx_word' id='word_1_153' title='bbox 549 2587 611 2636; x_wconf 87' lang='lat' dir='ltr'>add.</span> <span class='ocrx_word' id='word_1_154' title='bbox 628 2589 664 2637; x_wconf 78' lang='lat' dir='ltr'>sit</span> <span class='ocrx_word' id='word_1_155' title='bbox 681 2589 713 2638; x_wconf 94' lang='grc' dir='ltr'>Β.</span> 
     </span>
     <span class='ocr_line' id='line_1_28' title="bbox 252 2671 511 2736; baseline 0 -16"><span class='ocrx_word' id='word_1_156' title='bbox 252 2671 279 2736; x_wconf 81' lang='grc'>5)</span> <span class='ocrx_word' id='word_1_157' title='bbox 295 2671 462 2736; x_wconf 76' lang='lat' dir='ltr'>presbyteros</span> <span class='ocrx_word' id='word_1_158' title='bbox 479 2671 511 2720; x_wconf 90' lang='lat' dir='ltr'>B.</span> 
     </span>
    </p>

    <p class='ocr_par' dir='ltr' id='par_1_8' title="bbox 252 2751 450 2819">
     <span class='ocr_line' id='line_1_29' title="bbox 252 2751 450 2819; baseline 0.015 -14"><span class='ocrx_word' id='word_1_159' title='bbox 252 2753 279 2819; x_wconf 86' lang='grc'>6)</span> <span class='ocrx_word' id='word_1_160' title='bbox 297 2751 398 2806; x_wconf 75' lang='lat' dir='ltr'>civitate</span> <span class='ocrx_word' id='word_1_161' title='bbox 416 2756 450 2808; x_wconf 93' lang='grc' dir='ltr'>Β.</span> 
     </span>
    </p>
   </div>
   <div class='ocr_carea' id='block_1_6' title="bbox 202 2838 1017 2984">
    <p class='ocr_par' dir='ltr' id='par_1_9' title="bbox 202 2838 1017 2984">
     <span class='ocr_line' id='line_1_30' title="bbox 253 2838 1017 2903; baseline 0.007 -14"><span class='ocrx_word' id='word_1_162' title='bbox 253 2838 280 2903; x_wconf 86' lang='grc'>7)</span> <span class='ocrx_word' id='word_1_163' title='bbox 299 2840 365 2890; x_wconf 82' lang='lat' dir='ltr'>Cod.</span> <span class='ocrx_word' id='word_1_164' title='bbox 388 2841 421 2890; x_wconf 90' lang='grc' dir='ltr'>Β.</span> <span class='ocrx_word' id='word_1_165' title='bbox 446 2839 521 2890; x_wconf 81' lang='lat' dir='ltr'>add:</span> <span class='ocrx_word' id='word_1_166' title='bbox 549 2842 621 2891; x_wconf 80' lang='lat' dir='ltr'>vario</span> <span class='ocrx_word' id='word_1_167' title='bbox 651 2858 704 2892; x_wconf 83' lang='lat' dir='ltr'>cum</span> <span class='ocrx_word' id='word_1_168' title='bbox 730 2841 901 2893; x_wconf 75' lang='lat' dir='ltr'>obsidentibus</span> <span class='ocrx_word' id='word_1_169' title='bbox 925 2842 1017 2895; x_wconf 75' lang='lat' dir='ltr'>Gotlde</span> 
     </span>
     <span class='ocr_line' id='line_1_31' title="bbox 202 2910 550 2984; baseline 0.003 -27"><span class='ocrx_word' id='word_1_170' title='bbox 202 2911 338 2958; x_wconf 84' lang='lat' dir='ltr'>certamine</span> <span class='ocrx_word' id='word_1_171' title='bbox 356 2910 512 2961; x_wconf 71' lang='lat' dir='ltr'>dunicantes.</span> <span class='ocrx_word' id='word_1_172' title='bbox 543 2971 550 2984; x_wconf 37' lang='grc' dir='ltr'>Ι</span> 
     </span>
    </p>
   </div>
   <div class='ocr_carea' id='block_1_7' title="bbox 252 2990 405 3055">
    <p class='ocr_par' dir='ltr' id='par_1_10' title="bbox 252 2990 405 3055">
     <span class='ocr_line' id='line_1_32' title="bbox 252 2990 405 3055; baseline 0.02 -16"><span class='ocrx_word' id='word_1_173' title='bbox 252 2990 280 3055; x_wconf 92' lang='grc'>8)</span> <span class='ocrx_word' id='word_1_174' title='bbox 298 2994 362 3042; x_wconf 80' lang='lat' dir='ltr'>inita</span> <span class='ocrx_word' id='word_1_175' title='bbox 373 2994 405 3042; x_wconf 89' lang='lat' dir='ltr'>B.</span> 
     </span>
    </p>
   </div>
   <div class='ocr_carea' id='block_1_8' title="bbox 0 0 1082 3678">
    <p class='ocr_par' dir='ltr' id='par_1_11' title="bbox 0 0 1082 3678">
     <span class='ocr_line' id='line_1_33' title="bbox 0 0 1082 3678; baseline 0 1"><span class='ocrx_word' id='word_1_176' title='bbox 0 0 1082 3678; x_wconf 95' lang='lat' dir='ltr'> </span> 
     </span>
    </p>
   </div>
  </div>
 </body>
</html>
