2154 3678
477 230 666 291 ,8-

198 443 344 510 INGIPIT
365 441 556 509 EPISTOLA
575 440 761 508 PASKASH
782 440 947 507 DIAGONI

261 563 317 628 AD
339 561 552 627 EUGIPPIUM
579 559 875 626 PRESBYTERUM.

166 713 298 783 [Epistola
311 717 432 768 Paskasii
443 717 553 766 Discunt
563 718 599 765 ad
609 716 761 780 Eupippism
772 711 982 782 presbyterum]

206 853 338 912 Domino
359 860 464 912 sancto
487 870 667 930 semperque
690 851 843 910 carissimo
856 851 980 930 Eugip-

163 939 213 1016 pio
229 937 409 1016 presbytero
428 935 594 994 Paskasius
614 937 781 1014 Dicturus,
817 935 926 993 Frater
945 937 982 995 in

165 1021 286 1080 Christo
304 1022 466 1093 carissime,
484 1018 554 1078 dum
569 1039 623 1078 nos
636 1021 764 1098 peritiae
781 1029 851 1078 tuae
869 1020 982 1078 facun-

165 1106 216 1164 dia
237 1113 267 1164 et
287 1105 341 1163 otii
357 1106 507 1164 felicitate
523 1104 688 1183 perpendis
696 1100 744 1178 54),
757 1103 982 1164 amaritudines

165 1191 440 1269 occupationesque
462 1188 646 1267 multiplices
668 1199 864 1268 peccatorum
879 1197 980 1247 retra·

165 1284 247 1334 ctare
273 1275 455 1347 contemnis,
481 1273 605 1351 pudoris
631 1275 779 1333 iacturam
802 1274 980 1344 dilectionis
1055 1337 1056 1348 ἶ

165 1360 420 1438 contemplatione
438 1355 635 1436 sustine055).
669 1360 819 1418 Direxisti
836 1357 978 1418 Comme·
1055 1349 1056 1364 ¹

163 1445 373 1515 moratorium,
398 1444 446 1503 eui
465 1443 542 1502 nihil
558 1445 656 1523 possit
671 1443 805 1502 adiicere
829 1442 979 1503 facundia
1055 1471 1056 1490 1

163 1529 342 1608 peritorum,
365 1537 395 1587 et
417 1549 492 1606 opus
515 1527 595 1607 quod
618 1528 768 1588 ecclesiae
790 1529 887 1607 possit
906 1531 977 1588 uni·
1055 1529 1056 1536 ἶ

163 1610 342 1690 νενείῐαεῧθ)
362 1633 540 1686 recensere,
561 1613 646 1672 brevi
668 1614 814 1682 reserasti
834 1632 978 1692 compen-

157 1698 229 1768 ·dio,
255 1697 324 1756 dum
353 1697 388 1754 B.
412 1697 552 1756 Severini
582 1697 724 1756 finitimas
748 1699 979 1758 Pannoniorum
1055 1709 1056 1786 l

163 1782 338 1861 provincias
367 1781 528 1840 incolentis
556 1783 651 1840 vitam
685 1801 845 1860 moresque
870 1784 979 1842 verius

166 1866 344 1943 explicasti,
368 1874 398 1924 et
421 1885 500 1945 quae
522 1886 577 1944 per
593 1867 678 1925 illum
695 1867 798 1925 divina
813 1867 908 1925 virtus
928 1877 981 1926 est

164 1959 290 2030 operata
313 1950 475 2022 miracula,
503 1950 651 2010 diuturnis
669 1972 810 2010 mansura
828 1954 978 2030 tempori·

163 2035 220 2095 bus
250 2031 453 2114 tradidistiffl)
480 2037 643 2095 memoriae
669 2045 866 2113 posterorum.
910 2037 976 2096 Ne·

164 2121 263 2178 sciunt
291 2121 370 2179 enim
397 2120 478 2179 facta
503 2115 686 2200 priorum⁵⁸)
713 2121 879 2200 praeterire
906 2141 977 2181 cum

164 2205 307 2263 saeculo:
331 2214 364 2262 ut
379 2224 483 2264 omnes
495 2214 690 2283 praesentem
709 2204 857 2278 habeant,
881 2214 911 2264 ct
927 2226 977 2265 se·

165 2307 232 2347 cum
254 2288 476 2368 quodammodo
498 2289 631 2347 sentiant
652 2292 843 2361 commorari,
863 2290 978 2368 quibus¹

166 2393 233 2432 eum
248 2372 357 2432 relatio
369 2373 547 2452 pervexerit
561 2374 715 2432 lectionis.
751 2376 793 2433 Et
807 2375 887 2449 ideo,
902 2376 976 2454 quia

198 2605 242 2670 54)
264 2609 427 2672 perpendens
444 2607 476 2657 Β.

194 2674 241 2756 ¹55)
262 2674 326 2724 Cod.
346 2675 377 2725 B.
397 2691 430 2724 ex
453 2669 604 2725 indicativo
624 2676 697 2752 lacit
720 2677 910 2741 imperativum
929 2691 975 2726 su·

163 2750 243 2868 mid.)
263 2811 385 2860 ecclesiae
404 2811 554 2861 universitas
571 2812 654 2875 possit
670 2811 701 2862 B.

198 2876 240 2937 57)
261 2879 406 2927 tradidistis
423 2877 551 2928 mendose
569 2878 600 2928 Α.

197 2941 246 3008 58)
266 2943 332 2993 Cod.
352 2945 394 3007 B.,
414 2946 459 3009 qui
476 2950 539 3010 post
557 2947 670 2995 nesciunt
689 2961 739 2996 om.
759 2947 834 3004 enim,
853 2961 972 3010 sequens

161 3013 278 3075 priorum
296 3012 400 3076 absque
418 3011 476 3061 ulla
493 3013 599 3062 ratione
619 3015 797 3065 eommutavit
819 3014 848 3062 in
862 3016 972 3080 piorum.

1052 3237 1056 3448 l
