2154 3678
512 223 724 285 -6()..Η

210 373 394 432 Lauriacum
409 393 445 454 'se
461 392 517 452 per
530 373 593 432 Dei
607 373 753 432 famulum
769 373 958 447 contulisse,
985 393 1031 432 as·
1057 393 1058 396 ¹

212 466 329 535 sumpto
345 458 491 516 veniebat
507 459 655 532 exercitu,
672 458 810 534 cogitans
823 467 961 536 repente
979 458 1030 516 de-

211 552 311 601 tentos
333 541 501 616 abducere,
528 551 558 602 et
582 544 613 602 in
637 540 756 621 oppidis
778 541 836 600 sibi
854 543 1031 602 tributariis

212 636 304 705 atque
325 629 435 686 vicinis
458 626 511 706 (ex
532 629 640 708 quibus
660 646 752 685 unum
769 635 835 684 erat
850 627 1032 704 Fabianis),

212 732 292 792 quas
309 732 327 771 a
341 713 439 790 Rugis
454 711 660 771 tantummodo
679 711 900 771 dirimebantur
917 713 1031 772 Danu·

212 798 280 870 bio,
304 797 466 856 collocare.
504 795 709 874 Quamobrem
730 797 867 872 graviter
887 798 1034 856 universi

212 882 342 952 turbati,
360 880 393 940 S.
411 882 594 942 Severinum
609 881 714 940 adiere
729 881 929 960 suppliciter,
949 891 987 940 ut
1002 883 1032 940 in

213 984 371 1026 occursum
386 967 467 1042 regis
486 965 656 1042 egrediens,
674 967 740 1024 eius
755 967 888 1025 animum
904 969 1031 1045 mitiga-

212 1057 267 1109 ret.
302 1049 359 1109 Oui
378 1057 443 1107 tota
463 1059 553 1109 nocte
572 1049 736 1123 festinans,
758 1051 789 1107 in
812 1052 966 1111 vicesimo
993 1049 1031 1110 ab
1058 1113 1059 1130 χ

211 1134 286 1193 urbe
308 1133 449 1220 milliario
471 1135 616 1194 maturius
628 1130 654 1211 3)
676 1136 814 1193 occurrit.
852 1136 924 1195 Rex
957 1155 1030 1214 ergo

213 1218 379 1278 adventum
397 1220 461 1278 eius
479 1221 615 1298 protinus
639 1238 865 1297 expavescens,
888 1221 1029 1280 testaba-

213 1314 260 1364 tur
282 1303 365 1362 illius
387 1323 419 1363 se
449 1305 629 1382 fatigatione
652 1305 813 1383 plurimum
838 1325 1029 1384 praegrava·
1059 1355 1060 1372 ,

212 1399 285 1460 turn,
302 1408 409 1449 causas
425 1391 528 1468 itaque
545 1389 724 1468 repentinae
745 1390 931 1448 occursionis
939 1386 968 1466 4)
984 1391 1028 1449 in-

212 1475 314 1554 quirit.
333 1472 391 1533 Oui
405 1494 510 1534 servus
522 1476 599 1533 Dei:
616 1475 705 1546 „Pax
718 1473 774 1531 tihi
781 1471 817 1549 ⁵),
829 1493 885 1532 rex
903 1477 1030 1553 optime.

215 1558 328 1618 Christi
359 1558 478 1636 legatus
508 1558 656 1632 advenio,
694 1558 824 1618 subditis
854 1559 1029 1620 misericor·

215 1642 296 1702 diam
307 1638 332 1719 6)
345 1652 533 1722 precaturus.
563 1643 679 1702 Recole
689 1644 827 1720 gratiam,
846 1641 956 1703 diviua
976 1645 1027 1704 be-

171 1741 175 1750 ·
212 1728 324 1785 neficia
335 1727 625 1807 recordare,quibus
642 1737 730 1807 pater
744 1736 812 1786 tuus
828 1747 861 1786 se
880 1727 1025 1809 frequen·

212 1821 260 1870 ter
275 1812 371 1872 sensit
387 1810 531 1873 adiutum.
562 1811 640 1870 Nam
656 1811 772 1871 cunctis
789 1813 876 1890 regni
891 1815 940 1871 sui
953 1825 1025 1874 tem·
1060 1808 1061 1842 i

213 1896 336 1976 poribus
360 1896 436 1955 nihil
458 1917 506 1956 ms
529 1897 699 1956 inconsulto
721 1917 827 1974 gerere
849 1915 1025 1974 praesums-

214 1982 296 2041 bat.“
335 1979 398 2058 Qui
424 1983 545 2042 monitis
574 2001 634 2041 non
657 1983 803 2042 resistens
829 1982 1024 2056 salutaribus,

214 2066 329 2126 crebris
346 2067 599 2145 prosperitatibus
610 2068 797 2144 recognovit,
815 2068 922 2146 quanti
941 2069 1024 2126 vale-

213 2160 261 2209 ret
280 2150 450 2210 obedientis
473 2155 607 2226 animus,
633 2159 838 2233 quantumque
859 2152 1026 2231 triumpha·

214 2235 330 2293 toribus
358 2236 466 2313 prosit,
493 2239 555 2296 suis
580 2257 640 2295 nou
661 2246 778 2296 tumere
801 2237 947 2295 victoriis.
982 2237 1027 2296 Et

214 2314 317 2394 rex⁷):
341 2320 462 2390 „Hunc
477 2321 584 2400 inquit,
599 2321 759 2399 populum,
780 2341 835 2400 pro
855 2339 914 2401 quo
932 2321 1025 2382 bene·

213 2402 301 2461 volus
318 2411 458 2480 precator
482 2404 619 2478 accedis,
640 2425 701 2464 non
721 2407 821 2484 patiar
838 2405 1025 2467 Alamanno-

214 2508 281 2546 rum
308 2507 344 2545 ac
366 2484 627 2565 Thuringorumss)
660 2509 754 2550 saeva
786 2490 1025 2570 depraedatione

265 2670 293 2735 3)
311 2674 445 2722 matutinas
463 2671 536 2722 false
554 2673 587 2722 Β.
611 2672 706 2723 forsan
724 2690 816 2726 errore
833 2674 1006 2742 typographi.

266 2737 294 2804 4)
312 2755 413 2790 curuum
429 2742 580 2803 repentinae
598 2743 723 2792 cursionis
739 2741 770 2791 B.

265 2805 297 2938 53
310 2809 391 2874 inquit
409 2807 471 2858 add.
487 2807 518 2856 B.

265 2873 282 2924 6
310 2878 406 2925 venium
423 2890 472 2942 pro
489 2877 666 2926 ausemcordto
683 2878 715 2926 B.

311 2943 348 2992 Et
365 2959 422 3000 rex,
441 2945 529 3008 iuquit,
546 2943 580 3006 Β.

265 2942 293 3072 di
312 3017 356 3061 out
376 3011 559 3076 iburinyoram
575 3012 715 3076 iniquorum
732 3011 817 3062 habet
834 3013 866 3062 Β.
922 3039 929 3062 ;
