2154 3678
347 238 556 300 ..49-

23 399 119 462 tem,
141 388 342 467 insequentes
358 387 480 446 barbari
493 397 697 465 peremerunt.
727 389 857 449 Frustra

27 476 124 534 enim
145 473 222 531 illuc
237 472 427 532 offensoDeo
444 473 582 532 veritatis
598 473 737 533 iuimicus
753 493 856 534 acces·

28 561 87 632 sit,
103 557 238 618 ubitam
253 555 461 634 imprudenter
477 565 663 617 excesserat.

107 641 238 704 XXIII.
266 642 364 718 Igitur
385 650 507 702 sauctus
517 638 539 717 ¹)
556 639 722 701 Severinus
740 641 810 701 dum
824 644 857 702 iu

30 727 232 788 monasterio
252 725 399 786 Fabianis
421 725 613 803 evangelium
635 727 768 805 legeret,
792 748 858 786 ora·

31 815 128 872 tione
145 805 318 890 suppleta2)
336 831 530 888 consurgens,
547 811 691 889 scapham
707 812 764 870 sibi
775 812 859 872 illico

35 898 130 958 iubet
150 896 346 974 praeparari,
363 903 394 954 et
408 895 586 955 mirantibus
595 891 622 973 ³)
638 898 695 956 ait:
718 895 790 970 „Sit
805 918 859 956 no-

35 1003 115 1043 men
130 981 256 1040 Domini
276 978 487 1054 benedictum,
508 978 722 1058 sanctuariis4)
740 992 859 1041 saucto-

35 1088 109 1127 rum
117 1068 289 1146 Martyrum
303 1074 420 1144 oportet
431 1087 486 1126 nos
504 1070 693 1126 occurrere.“
713 1067 781 1127 Nec
797 1088 859 1126 mo-

37 1173 93 1212 ra:
118 1159 307 1210 transmeato
327 1149 471 1209 Danubio
480 1148 504 1228 ⁵)
527 1152 687 1210 inveniunt
708 1152 861 1211 homiuem

40 1235 259 1296 considentem
272 1235 304 1292 iu
316 1235 383 1311 ripa
396 1235 541 1296 ulteriore
556 1236 696 1309 fluminis,
710 1256 747 1294 ac
759 1236 860 1296 multis

42 1343 100 1381 eos
124 1319 268 1398 precibus
290 1319 510 1396 postulantem,
533 1327 566 1378 ut
588 1319 628 1378 ad
649 1340 770 1380 servum
790 1321 861 1392 Dei,

42 1406 86 1465 ad
111 1425 204 1485 quem
224 1404 306 1463 fama
327 1403 471 1481 vulgante
499 1404 570 1463 olim
596 1407 701 1466 venire
726 1414 861 1482 cuperet,

45 1491 223 1550 duceretur.
254 1490 328 1548 Mox
349 1490 451 1568 itaque
471 1490 500 1548 ei
517 1487 629 1547 Christi
643 1485 791 1566 famulol)
809 1488 861 1548 de·

44 1583 231 1646 monstrato,
253 1574 433 1652 suppliciter
450 1571 482 1632 S.
494 1574 620 1632 Ioannis
635 1574 793 1653 Baptistae
814 1593 861 1632 re·

45 1661 163 1740 liquias
182 1659 308 1733 obtulit,
330 1658 432 1718 multis
448 1657 529 1737 apud
544 1677 577 1717 se
592 1669 729 1718 servatas
746 1667 862 1738 tempo·

46 1747 144 1805 ribus.
176 1743 261 1821 Quas
278 1744 339 1802 Dei
357 1762 463 1810 servus
480 1743 584 1802 debita
599 1745 796 1804 veneratione
814 1764 862 1804 su·

47 1831 202 1910 scipiens,
218 1828 375 1888 basilicam
390 1826 421 1886 S.
437 1829 577 1901 Ioannis,
601 1829 679 1888 sicut
698 1828 863 1908 praedixe-

48 1925 109 1989 rat,
126 1915 268 1973 ultroneo
279 1912 495 1972 benedictione
511 1913 633 1986 collata,
646 1915 779 1974 sacravit
796 1913 862 1972 offi-

50 2002 101 2060 oio
118 1997 321 2058 sacerdotum.

116 2083 238 2144 XXIV.
272 2081 322 2140 Ad
349 2081 536 2140 habitatores
564 2090 725 2160 praeterea
752 2079 864 2159 oppidi,

53 2168 137 2251 quod
152 2167 277 2228 Ioviaco
286 2163 310 2243 ¹)
327 2166 508 2238 vocabatur,
528 2160 668 2244 viginti²)
686 2175 717 2226 et
734 2165 863 2244 amplius

54 2253 217 2316 aBatavis
237 2251 371 2312 millibus
395 2250 598 2327 disparatum,
621 2251 712 2310 solita
736 2251 783 2309 vir
803 2251 865 2312 Dei

55 2337 246 2400 revelatione
277 2336 488 2409 commonitus,
517 2333 708 2396 Moderatum
734 2337 865 2407 nomine,

60 2472 253 2484 “—

109 2556 135 2619 1)
152 2556 323 2608 sunctiasimus
340 2554 371 2603 B.

109 2625 135 2688 2)
153 2625 277 2687 completa
293 2622 326 2671 Β.

109 2691 136 2755 3)
153 2695 214 2757 post
231 2689 378 2740 miranttbus
395 2687 537 2740 interserit
554 2689 585 2739 Β.
604 2688 642 2740 tu
660 2689 703 2753 qut
719 2689 836 2738 oderunt.

110 2759 136 2822 4)
154 2759 215 2809 loco
232 2758 387 2808 sanctuariis
404 2757 490 2806 habet
508 2755 538 2810 B.
558 2757 681 2822 reliquiir.

111 2827 137 2890 5)
153 2831 310 2876 transmeant
324 2824 463 2874 Danubium
480 2825 512 2876 B.

112 2893 139 2958 6)
154 2909 228 2945 servo
245 2893 277 2943 B.

114 2961 139 3026 1)
157 2960 239 3026 Icpr'u
255 2961 286 3010 B.
306 2959 413 3010 lebiaco
432 2960 497 3010 Bar.

113 3028 139 3093 2)
157 3028 222 3080 Cod.
241 3028 275 3081 B.
292 3027 363 3093 legit
378 3028 548 3093 acptuapr‘nta.

106 3129 170 3165 vrrs
189 3128 211 3164 s.
232 3127 375 3164 sarsurus.
699 3101 718 3161 4
