2154 3678
497 224 704 286 ..35ss

122 392 127 401 ·
199 373 317 432 silicam
333 372 459 431 aestatis
475 380 619 450 tempore,
640 372 863 431 solemnitatem
877 390 1008 451 vespere

199 455 365 530 reddituri,
387 457 427 518 ad
449 456 647 518 accendenda
661 457 822 515 luminaria
836 457 939 534 ignem
955 456 1008 514 mi·

199 543 280 600 nime
303 542 501 621 reperissent,
522 542 673 600 flammam
695 542 848 601 concussis
871 561 909 600 ex
926 559 1010 601 more

199 625 352 705 lapidibus
372 627 484 687 elicere
500 628 712 705 nequiverunt,
732 627 764 684 in
784 635 903 684 tantum
919 625 1010 684 alter·
1064 687 1065 710 ἢ

200 721 268 770 utra
292 711 365 771 ferri
393 732 429 770 ac
455 719 561 791 petrae
587 712 746 770 collisione
775 709 949 783 tardantes,
978 719 1011 768 ut
1064 779 1065 784 ἵ

199 805 318 876 tempus
342 798 537 875 vespertinae
560 796 760 856 solemnitatis
783 795 935 854 efflueret:
969 796 1012 854 At
1064 819 1065 862 ς

200 883 247 940 vir
271 882 333 940 Dei
362 881 490 957 genibus
517 881 599 938 humi
626 880 696 940 fixis
720 879 825 940 orabat
852 880 1011 939 attentius.
1064 935 1065 942 ,

74 1005 77 1020 ,
135 996 137 1000 -
199 967 272 1024 Mox
301 966 392 1043 igitur
413 965 445 1024 in
472 974 637 1042 conspectu
665 966 754 1024 trium
784 960 1011 1044 spiritalium³)‚

200 1051 254 1130 qni
270 1049 398 1108 aderant
413 1056 500 1121 tunc,
521 1051 654 1108 virorum
675 1069 797 1121 cereus,
813 1069 903 1129 quem
918 1069 1011 1108 manu

200 1129 315 1210 ideml)
328 1142 450 1193 sanctus
460 1131 626 1192 Severinus
641 1133 775 1207 tenebat,
792 1153 941 1193 accensus
955 1143 1011 1194 est.

201 1217 269 1296 Quo
285 1219 427 1292 lucente,
450 1219 599 1278 sacrificio
616 1219 784 1296 vespertini
803 1220 949 1297 temporis
972 1239 1011 1278 ex

199 1323 282 1362 more
301 1303 451 1382 suppleto,
467 1304 585 1381 gratiae
596 1304 665 1363 Deo
680 1303 853 1364 referuntur
868 1305 900 1361 in
916 1305 1012 1364 omni-

199 1388 263 1448 bus,
295 1387 385 1466 Quod
400 1389 524 1462 factum,
538 1389 614 1448 licet
628 1396 806 1447 memoratos
814 1385 850 1464 ⁵),
870 1390 923 1508 qssui
940 1389 1013 1448 hnic

199 1474 367 1533 interfuere
379 1474 534 1547 miraculo,
543 1474 643 1534 celare
651 1473 875 1544 volueritsicut
888 1469 906 1550 ')
915 1475 1013 1533 multa

199 1559 363 1635 magnalia,
378 1579 458 1639 quae
472 1579 527 1638 per
543 1558 629 1618 illum
645 1559 757 1618 divinis
769 1565 840 1616 sunt
850 1558 1012 1618 effectibus

201 1642 372 1702 celebrata:
398 1644 520 1703 claritas
535 1652 637 1702 tamen
653 1653 757 1702 tantae
772 1643 892 1701 virtutis
909 1645 1013 1718 occul·

199 1727 259 1784 tari
279 1747 339 1784 non
362 1729 474 1804 potuit,
495 1726 549 1785 sed
571 1726 609 1786 ad
625 1748 764 1805 magnam
781 1737 899 1786 ceteros
918 1727 1013 1788 fidem
1064 1773 1065 1791 t

201 1811 390 1870 excellenter
405 1811 554 1871 accendit.

261 1895 348 1955 XIV.
378 1895 502 1955 Accidit
521 1897 612 1955 etiam
631 1895 766 1955 eiusdem
782 1896 842 1955 loci
856 1896 1015 1976 quandam

199 1982 359 2040 mulierem
380 1979 495 2041 diutino
508 1975 535 2055 ¹)
561 1982 709 2058 languore
739 1989 883 2040 vexatam
907 1983 1014 2042 iacere

200 2068 399 2140 seminecem,
426 2066 565 2146 exequiis
586 2067 646 2125 iam
663 2068 796 2146 paratis3
831 2067 916 2124 cuius
940 2086 1014 2144 pro-

201 2152 275 2210 ximi
302 2159 417 2210 moesto
442 2151 562 2211 silentio
586 2171 676 2210 voces
703 2151 847 2210 funereas
877 2150 1014 2229 quodam

200 2233 274 2294 fidei
290 2236 421 2294 clamore
436 2245 635 2316 presserunt„
651 2243 681 2294 et
698 2245 769 2296 anto
787 2237 896 2294 ostium
914 2236 1013 2295 celln-

200 2320 251 2378 lae
267 2321 366 2379 sancti
384 2320 442 2379 viri
464 2341 570 2399 corpus
588 2322 647 2380 iam
662 2340 742 2398 pene
758 2321 898 2380 exanime
915 2320 1013 2402 depo·

250 2535 278 2601 3)
295 2537 463 2601 spiritualium
480 2537 512 2586 B.
531 2541 562 2586 ut
580 2523 700 2603 saepius.

251 2620 278 2684 4)
298 2623 364 2671 idem
382 2625 446 2671 ante
464 2637 538 2671 manu
555 2622 587 2671 B.

251 2705 278 2769 5)
297 2707 355 2755 licet
371 2707 411 2755 air
428 2712 578 2756 memoratus
595 2708 641 2757 lor
658 2709 701 2773 qui
719 2712 771 2758 etc.
789 2708 821 2757 B.
856 2707 889 2757 ln
902 2706 1013 2760 codd.

201 2775 263 2824 voci
281 2780 431 2824 nrcmoratos
449 2773 544 2823 addita
561 2773 663 2840 legitur
680 2775 836 2826 emendatio
853 2775 898 2826 vel
916 2777 1014 2840 potius

202 2841 363 2906 depravatio
381 2845 531 2894 memoratis.

252 2923 278 2988 6)
298 2929 361 2990 post
377 2931 441 2976 aaut
460 2926 601 2976 interserit
618 2933 644 2978 et
660 2926 693 2977 B.

254 3007 278 3073 l)
297 3010 415 3060 diuturno
433 3011 475 3074 Β.,
496 3011 583 3062 forma
600 3014 688 3077 magis
706 3012 820 3064 usitata.
