2154 3678
374 230 582 291 ..69-

74 379 122 437 vir
137 378 200 436 Dei
219 380 374 457 sapienter
390 375 554 458 adiecit⁵):
578 381 692 457 „Ergo
710 381 816 460 inquit,
832 379 885 440 de-

75 464 141 522 sine
160 463 338 522 innocentes
351 465 537 543 opprimere,
559 484 597 523 ne
619 465 739 524 illorum
761 465 886 524 afflictio

73 557 207 607 vestram
233 549 329 626 magis
356 547 486 627 dissipet
510 556 709 627 potestatem3
739 545 883 628 etenimss)

73 631 337 692 mansuetudinem
349 633 464 710 regiam
476 641 510 692 tu
524 653 618 712 saepe
635 633 814 694 convellis.“
843 633 886 693 At

74 718 145 776 illa:
169 715 262 790 „Oua
280 718 390 797 inquit,
407 739 460 777 nos
480 718 524 776 sic
540 719 670 796 accipis,
685 717 884 778 serveDei?“

74 801 133 861 Oui
146 803 229 880 ipse:
251 800 442 876 „Oontest0r,
453 803 505 876 ait,
518 823 573 862 vos
586 823 643 880 ego
656 799 885 881 humillimus⁷),

73 887 134 946 iam
151 886 343 966 profecturus
362 887 400 945 ad
412 890 521 964 Deum,
537 895 569 946 ut
585 888 624 946 ab
639 887 752 1008 iniqsuis
769 886 885 946 actibus

73 979 291 1049 temperantes,
308 972 366 1051 piis
383 973 528 1032 insistatis
546 972 689 1052 operibus
713 973 733 1048 ).
765 973 885 1031 Hucus-

73 1076 134 1136 que
153 1075 280 1132 regnnm
297 1066 433 1116 vestrum
450 1067 573 1117 auctore
591 1058 659 1117 Deo
677 1061 886 1137 prosperatum

75 1150 134 1218 est3
159 1141 219 1198 iam
238 1160 276 1199 ex
291 1139 383 1220 h0c9)
406 1143 574 1206 videritis.“
612 1143 671 1202 His
690 1143 811 1201 monitis
829 1161 886 1201 rex

74 1245 142 1284 cum
161 1227 290 1304 coniuge
305 1226 494 1287 sufficienter
509 1229 656 1298 instructi,
674 1227 885 1286 valedicentes

75 1311 104 1370 ei
116 1310 252 1388 profecti
270 1320 348 1370 suut.
584 1362 585 1366 ,

138 1395 228 1453 Tunc
249 1395 381 1455 Sanctus
400 1417 461 1454 non
487 1394 648 1455 desinebat
667 1394 704 1454 de
732 1414 805 1454 suae
830 1396 885 1453 mi-

73 1481 222 1558 grationis
237 1479 350 1539 vicinia
365 1500 436 1540 suos
455 1480 570 1561 alloqui
595 1479 758 1538 dulcedine
775 1480 885 1538 carita-

73 1567 129 1638 tis,
152 1564 232 1645 quod
254 1563 376 1644 quidem
401 1565 504 1623 facere
526 1585 583 1624 nec
606 1573 676 1624 ante
701 1573 884 1624 cessaverat.

73 1647 226 1722 „Scitote,
243 1651 350 1728 inquit,
367 1650 487 1721 fratres,
512 1650 591 1709 sicut
605 1649 683 1709 filios
699 1649 797 1710 Israel
815 1669 886 1708 con·

72 1743 135 1794 stat
153 1743 273 1812 ereptos
291 1754 358 1794 esse
375 1733 412 1793 de
429 1744 511 1794 terra
525 1735 677 1818 Aegypti,
698 1737 741 1794 ita
762 1743 886 1794 cunctos

71 1819 204 1899 populos
214 1816 253 1898 ¹⁰)
275 1827 376 1878 terrae
397 1820 486 1879 huius
508 1829 627 1898 oportet
642 1820 680 1878 ab
692 1821 804 1879 iniusta
818 1820 886 1878 bar·

73 1906 215 1964 berorum
237 1903 442 1963 dominatione
465 1905 600 1966 liberari.
638 1905 760 1964 Etenim
783 1924 886 1963 omues

73 2009 143 2049 cum
159 1990 221 2047 suis
238 1989 435 2048 facultatibus
453 1989 490 2050 de
505 1991 553 2049 his
570 1988 687 2068 oppidis
701 1990 885 2065 emigrantes

43 2081 45 2086 ’
73 2073 115 2132 ad
128 2074 296 2132 Romanam
312 2075 499 2152 provinciam
516 2075 632 2154 absque
648 2073 712 2132 ulla
726 2074 773 2132 sui
790 2073 884 2151 capti-

73 2159 173 2218 vitate
195 2159 386 2236 pervenient.
424 2158 487 2218 Sed
514 2166 696 2217 mementote
725 2158 884 2236 praecepti

75 2243 106 2304 S.
122 2243 235 2320 Ioseph
252 2242 460 2322 patriarchae,
483 2245 567 2302 cuins
589 2262 645 2319 ego
668 2263 722 2301 vos
743 2241 885 2318 indignus

75 2336 108 2387 et
132 2327 251 2386 infimus
280 2329 474 2387 attestatione
502 2329 663 2387 convenio:
701 2328 886 2388 Visitatione

72 2413 214 2473 visitavit
239 2432 295 2471 vos
319 2414 420 2485 Deus,
448 2422 480 2472 et
500 2413 614 2472 tolletis
635 2431 702 2472 ossa
723 2431 791 2471 mea
814 2412 886 2469 hinc

73 2495 249 2567 vobiscum,
273 2497 355 2576 quod
375 2518 437 2557 non
454 2499 527 2557 mihi
546 2497 601 2558 sed
618 2497 705 2557 vobis
724 2506 770 2556 est
784 2496 885 2574 profu·

126 2679 154 2746 5)
173 2683 266 2732 adiecit
283 2698 334 2732 om.
347 2681 379 2731 Β.

125 2748 153 2811 6)
172 2751 261 2798 etenim
279 2757 305 2798 ta
321 2763 400 2813 saepe
417 2749 449 2799 Β.

126 2815 155 2880 7,)
173 2817 268 2866 tuentis
284 2817 316 2866 Β.

127 2882 154 2944 8)
171 2886 222 2948 pits
239 2899 321 2934 mores
338 2885 475 2934 honestetis
487 2883 606 2948 operibus
623 2883 655 2931 B.
669 2843 883 2948 (paraphrasis).

126 2950 154 3016 9)
172 2967 217 3001 ros
234 2952 376 3002 interserit
393 2950 424 3001 B.

111 3017 154 3083 10)
173 3026 286 3070 cunctum
300 3013 419 3085 populum
436 3020 469 3069 Β.
