2154 3678
373 267 583 325 ..27-

61 413 209 494 percelli,
224 413 442 492 confestimque
458 413 581 473 directis
594 411 748 492 equitibus
760 414 882 472 veniam

62 501 219 578 petitura,
237 506 267 556 et
282 499 450 571 Romanor,
467 517 542 577 quos
562 492 718 576 eadem19)
736 496 785 556 die
802 498 880 558 tule-

62 592 134 655 rat,
160 603 215 661 pro
239 581 349 661 quibus
370 578 447 661 et²⁰)
468 591 625 660 rogantem
649 591 881 660 contempserat,

63 661 334 743 retransmisit²¹);
358 676 388 728 et
408 667 547 728 aurifices
568 667 706 745 protinus
729 667 880 744 accipien-

63 762 118 812 tes
145 763 386 825 sacramentum,
410 772 445 811 ac
477 751 663 812 dimittentes
691 751 881 826 infantulum,

62 839 187 917 pariter
209 845 239 896 et
261 837 320 916 ipsi
342 836 457 895 dimissi
481 846 560 895 sunt.
593 837 651 894 His
668 835 780 895 auditis
795 855 882 895 reve·

63 921 270 981 rendissimus
289 919 403 980 Christi
417 940 539 998 servus,
556 922 671 998 gratias
688 920 816 979 creatori
835 940 881 979 re·

64 1005 194 1066 ferebat
216 1007 393 1078 immensas,
417 1007 469 1085 qui
483 1005 521 1064 ob
535 1006 594 1064 hoc
608 1004 759 1064 interdum
781 1005 883 1064 differt

63 1100 146 1150 vota
161 1092 353 1169 poscentium
361 1085 410 1167 ²²),
425 1104 459 1149 ut
474 1090 543 1162 fide,
560 1110 614 1168 spe
631 1099 661 1149 et
679 1091 805 1150 caritate
818 1109 882 1148 cre·

63 1183 196 1248 scente,
223 1174 293 1236 dum
314 1177 430 1235 minora
451 1184 610 1255 petuntur,
636 1176 751 1233 maiora
774 1193 881 1233 conoe·

65 1262 125 1320 dat
135 1255 188 1338 ²³).
215 1260 251 1318 Id
266 1280 397 1341 namque
414 1262 478 1337 egit
492 1255 757 1337 omnipotentia²⁴)
772 1257 880 1317 Salva·

63 1346 164 1418 toris,
192 1351 225 1403 ut
248 1345 317 1404 dum
337 1345 450 1404 liberos
469 1363 563 1403 saeva
584 1342 691 1402 mulier
713 1338 881 1418 subiicit²⁵)

64 1431 228 1501 servituti,
251 1424 435 1506 serv,iens²⁸)
460 1436 618 1504 cogeretur
639 1425 769 1486 reddere
791 1426 881 1484 liber·

64 1516 139 1576 tati.
170 1513 288 1592 Quibus
305 1513 485 1573 mirabiliter
500 1512 683 1591 impetratis,
699 1511 805 1587 regina
821 1518 881 1568 ste-

65 1603 126 1660 tim
142 1598 181 1658 ad
192 1618 311 1658 servum
324 1600 386 1658 Dei
403 1617 569 1676 properans
587 1617 653 1655 cum
669 1596 786 1667 marito,
799 1615 882 1654 mon·

66 1695 173 1746 straus
181 1679 221 1760 27)
237 1683 341 1758 filium,
358 1703 448 1763 quem
465 1682 619 1742 fatebatur
638 1679 720 1740 illius
741 1680 881 1739 orationi-

65 1771 128 1830 bus
145 1769 183 1828 de
200 1769 300 1828 mortis
318 1768 447 1828 confinio
464 1766 633 1840 liberatum,
651 1766 827 1844 promittens
849 1784 882 1824 se

64 1873 268 1934 nequaquam
284 1854 364 1913 ultra
380 1848 497 1930 eius28)
514 1851 698 1912 iussionibus
714 1850 848 1909 obviare.

133 1939 194 1997 IX.
217 1939 331 2015 Magna
352 1957 473 2018 quoque
492 1938 554 1996 Dei
571 1936 685 1994 famulo
703 1935 883 2013 prophetiae

66 2024 173 2102 gratia
194 2022 351 2102 praedito,
373 2023 405 2082 in
428 2021 612 2081 redimendis
633 2028 697 2078 erat
718 2019 848 2096 captivis
858 2014 882 2094 ¹)

67 2105 234 2168 industria.
265 2106 439 2168 Studiosius
462 2107 573 2166 etenim
592 2103 753 2164 insistebat
773 2101 882 2161 barba·

107 2311 151 2373 19)
171 2326 203 2360 ea
221 2309 253 2358 Β.

105 2377 152 2441 20)
173 2378 275 2440 absque
294 2375 431 2440 particula
449 2375 520 2424 etin
539 2373 603 2424 Cod.
623 2374 656 2422 B.

104 2445 151 2506 21)
170 2446 309 2494 transmisit
327 2444 359 2493 B.

105 2512 152 2575 22)
171 2517 307 2576 petentium
324 2511 355 2560 Β.

106 2579 152 2642 23)
171 2579 256 2629 lectio
275 2578 340 2628 Cod.
359 2578 390 2628 B.
410 2578 558 2627 substituta
575 2591 636 2642 pro:
660 2577 715 2624 dum
732 2576 795 2624 miro
812 2572 880 2638 pati-

70 2657 115 2699 tur
133 2651 232 2696 maiora
249 2647 380 2708 concedat,
400 2646 429 2694 in
448 2645 513 2695 Cod.
532 2645 564 2693 A.

106 2714 153 2778 24)
172 2716 224 2778 epit
241 2716 320 2764 virtus
337 2714 514 2778 omnipotentis
531 2728 562 2761 ac
579 2710 716 2760 saluatoris
734 2708 765 2758 B.

107 2782 153 2846 25)
171 2782 275 2832 subiecit
292 2782 324 2831 Β.

107 2849 153 2910 26)
172 2851 311 2900 servientes
329 2849 398 2913 legit
415 2847 559 2898 Beronius

108 2916 154 2980 27)
171 2921 296 2967 monstrat
314 2917 345 2966 B.

108 2983 154 3046 28)
173 2987 227 3034 eius
245 2989 307 3049 post
321 2984 472 3048 propellens
489 2997 517 3030 se
536 2983 564 3030 in
583 2979 648 3029 cod.
667 2978 699 3027 B.

128 3052 154 3116 l)
173 3069 208 3102 em
227 3053 302 3101 addit
321 3051 448 3101 mendose
467 3049 499 3100 A.
