2154 3678
503 157 713 246 —204

205 336 294 395 nudis
308 334 438 413 pedibus
453 354 573 413 semper
588 333 744 394 ambulare
761 341 934 407 contentus,
957 335 1024 394 sin-

206 421 312 498 gulare
324 419 491 498 patientiae
508 419 601 478 dabat
612 417 766 478 indicium.
792 419 843 478 Ad
861 419 947 477 cuius
965 420 1024 478 im·

205 505 380 564 manitatem
399 505 522 582 frigoris
537 503 802 582 comprobandam,
822 512 931 562 testem
948 523 1024 563 esse

206 589 529 662 constatDanubium,
551 590 595 647 ita
610 607 703 666 saepe
719 588 843 664 glaciali
858 589 1025 648 nimietate

207 684 391 748 concretum,
408 684 441 734 ut
452 676 544 733 etiam
558 674 702 753 plaustris
713 673 841 732 solidum
857 674 1026 732 transitum

205 761 422 818 subministret.
455 758 516 836 Qui
537 769 639 818 tamen
659 757 772 816 talibus
794 777 848 835 per
864 758 926 816 Dei
948 777 1024 834 gra-

203 845 277 902 tiam
295 844 456 902 virtutibus
471 843 661 915 sublimatus,
674 844 781 902 intima
796 837 1023 920 humilitate²⁶)

205 929 361 988 fatebatur
383 928 502 988 dicens:
529 929 601 1002 „Ne
621 929 735 1006 putetis
759 926 818 986 mei
834 927 933 985 meriti
949 946 1025 988 esse

205 1012 288 1094 quod
305 1012 441 1086 cernitis,
466 1021 586 1072 vestrae
606 1022 652 1072 est
672 1013 772 1090 potius
790 1011 896 1071 salutis
914 1031 1024 1070 exem-

203 1099 297 1178 plum.
339 1092 493 1176 Cesset²⁷)
520 1099 652 1156 humana
680 1096 850 1170 temeritas,
877 1095 1024 1157 elationis

205 1182 401 1261 supercilium
425 1183 652 1260 comprimatur,
672 1190 706 1239 ut
722 1181 839 1260 aliquid
853 1180 925 1239 boni
945 1201 1021 1260 pos-

205 1268 308 1339 simus,
325 1262 434 1346 quo²⁸)
455 1268 609 1344 eligimur,
637 1266 759 1324 dicente
772 1266 936 1343 Apostolo:
954 1265 1022 1342 Qui

206 1352 300 1429 elegit
318 1373 374 1415 nos
390 1360 460 1411 ante
479 1352 724 1410 constitutionem
739 1349 857 1423 mundi,
882 1359 916 1408 ut
932 1370 1021 1410 esse·

204 1457 270 1496 mus
278 1437 376 1495 sancti
387 1445 417 1495 et
428 1437 613 1496 immaculati
623 1437 655 1494 in
668 1443 834 1515 conspectu
842 1435 907 1494 eius
919 1435 1021 1513 (Eph.

205 1532 230 1594 l,
243 1518 294 1598 4.).
325 1519 418 1580 Orate
435 1517 540 1598 imo²⁹)
557 1542 612 1600 pro
628 1539 692 1593 me,
713 1530 746 1578 ut
769 1540 829 1578 non
846 1519 887 1578 ad
904 1520 1020 1580 conde-

204 1605 365 1666 mnationis
386 1605 552 1677 cumulum,
578 1604 633 1664 sed
658 1605 698 1663 ed
719 1605 941 1664 iustificationis
963 1626 1021 1664 au-

203 1698 359 1768 gmentum
372 1687 542 1748 Salvatoris
554 1690 626 1748 mihi
639 1689 1022 1769 donaprofioiant.“Haec

204 1783 235 1833 et
256 1773 303 1831 his
325 1773 436 1832 similia
457 1773 577 1833 solebat
612 1775 750 1854 proferre
783 1794 850 1832 cum
882 1775 1022 1850 fletibus,
1070 1747 1071 1817 l

203 1859 279 1917 miro
309 1856 451 1917 erudiens
481 1859 618 1919 homines
648 1859 827 1918 humilitatis
861 1862 1019 1940 exemplo,

204 1944 289 2002 ouius
305 1944 425 2002 virtutis
441 1943 638 2004 fundamento
654 1945 798 2015 munitus,
815 1952 900 2002 tanta
919 1945 1022 2006 divini

203 2030 337 2087 muneris
353 2028 493 2088 claritate
508 2029 663 2107 fulgebat,
687 2037 721 2088 ut
738 2029 797 2108 ipsi
820 2049 941 2108 quoquo
966 2051 1020 2090 ec-

204 2109 366 2190 clesiae30)
379 2113 484 2173 hostes
501 2113 649 2174 haeretici
664 2112 928 2173 reverendissimis
947 2135 1020 2176 eum

205 2197 315 2256 officiis
330 2199 523 2258 honorarent.

270 2283 309 2340 V.
328 2283 484 2360 Rugorum
499 2281 649 2362 siquidem
664 2302 735 2353 rex,
756 2284 879 2342 nomine
893 2283 1018 2343 Flacci·
1065 2291 1066 2299 ’

204 2363 363 2442 thaeus1),
389 2368 421 2425 in
441 2369 515 2446 ipsis
535 2368 622 2444 regui
645 2369 692 2425 sui
710 2369 810 2446 coepit
829 2377 938 2428 nutare
953 2371 1017 2448 pri·

200 2500 409 2510 ——U

237 2565 281 2632 26)
299 2570 393 2634 inepte
412 2569 522 2618 intimam
539 2568 698 2620 humilitatem
715 2570 747 2623 B.
959 2559 967 2576 “
1062 2563 1063 2587 ’

302 2635 369 2685 coa.
387 2635 418 2684 s.
440 2635 502 2685 auu.
520 2637 577 2686 tam.
1060 2605 1062 2690 l

237 2701 281 2764 28)
300 2719 349 2768 quo
368 2719 419 2753 om.
438 2703 471 2752 B.

235 2769 280 2835 29)
298 2773 346 2822 imo
363 2771 397 2820 Β.
416 2771 518 2822 rectius
537 2787 617 2836 quam
635 2774 661 2822 in
678 2788 723 2822 me.

236 2835 279 2892 30)
298 2854 350 2888 om.
368 2838 400 2888 B.

253 2905 277 2968 1)
296 2905 1013 2972 lneounsemperrtacuttaeus.eod.B.flacciteus.
1058 2895 1059 2973 )

201 2973 280 3022 Bau:
301 2974 457 3024 Floretleus.
1055 2985 1058 3071 )

1046 3589 1052 3615 .l
