2154 3678
371 225 580 286 „31-

65 383 145 433 nutu
154 369 180 450 ²)
196 368 299 446 ,divini
316 375 449 432 muneris
464 371 620 450 agebatur,
640 381 672 430 ut
687 392 791 432 omnes
812 374 877 432 eius

66 460 208 529 monitis,
232 457 319 537 quasi
338 458 521 534 coelestibus
536 465 721 516 terrerentur
737 458 877 531 oraculis,

66 544 275 622 exemploque
291 542 373 601 illius
388 543 475 601 bonis
491 542 633 619 operibus
648 552 834 600 armarentur
842 537 877 618 ³).

62 629 103 686 In
120 627 281 687 castellum
299 646 428 706 quoque,
445 628 493 686 oui
509 636 576 685 erat
594 626 728 686 Cucullis
744 625 876 686 voeabu-

63 713 145 784 lum‚
169 709 382 772 devotionibus
398 712 569 771 accolarum
584 714 631 770 vir
647 721 769 770 sanatus
784 711 876 770 adve-

62 806 152 856 nerat
174 791 370 875 evocatus4),
399 796 453 854 ubi
472 797 583 854 lactum
611 795 725 873 grande
747 795 875 859 miraeu-

61 885 127 942 lum
149 901 271 962 nequeo
293 884 439 940 retiaere:
468 880 550 960 quod
569 891 670 940 tamen
687 881 837 938 Marciani
849 877 875 957 ὁ)

60 976 136 1048 post
153 966 325 1046 presbyteri
341 967 451 1039 nostri,
470 968 554 1025 ouius
570 965 706 1025 eiusdem
720 965 797 1037 loci,
815 974 875 1024 etu-

60 1047 201 1132 pendass)
220 1051 368 1111 relatione
401 1053 604 1128 eognovimus.
645 1046 753 1129 Pars⁷)
775 1048 875 1134 plebis

61 1141 95 1196 in
116 1134 249 1216 quodam
265 1136 332 1195 loeo
346 1137 489 1196 nefandis
506 1135 664 1194 sacrifieiis
687 1135 875 1195 inhaerebat.

62 1221 136 1299 Quo
160 1220 322 1298 sacrilegio
346 1229 498 1300 comperto
519 1221 565 1279 vir
582 1220 660 1292 Dei,
683 1220 786 1278 multis
809 1219 874 1298 ple·

59 1307 134 1366 bem
150 1305 338 1364 sermonibus
354 1305 518 1379 allocutus,
539 1305 684 1364 ieiunium
702 1303 875 1362 triduanum

61 1412 120 1471 per
131 1389 327 1470 presbyteros
336 1385 361 1466 8)
376 1389 435 1448 looi
450 1390 602 1470 persuasit
609 1385 634 1464 9)
647 1387 751 1461 indici,
769 1407 806 1446 aa
819 1407 875 1466 per

60 1475 203 1553 singulas
216 1475 319 1534 domos
335 1493 439 1534 cereos
455 1474 555 1533 afferri
566 1468 604 1550 ¹⁰)
616 1473 782 1551 praecepit,
799 1491 875 1550 quos

60 1562 187 1644 propria
207 1579 298 1619 manu
320 1554 495 1640 quisque¹¹)
512 1556 679 1637 parietibus
700 1556 800 1614 affixit
825 1577 874 1615 eo·

63 1647 191 1707 elesiae.
229 1645 317 1703 Tune
333 1643 479 1723 psalterio
501 1663 539 1702 ex
559 1663 642 1701 more
661 1641 804 1714 decurso,
835 1639 874 1699 ad

59 1733 169 1791 horam
192 1728 333 1788 sacrificii
354 1729 552 1810 presbyteros·
566 1735 596 1786 et
617 1721 808 1800 diacones¹²)
827 1727 874 1784 vir

58 1818 127 1876 Dei
143 1816 278 1873 hortatus
289 1809 325 1889 13)
344 1815 403 1888 tet,
426 1823 489 1874 tota
508 1811 607 1872 cordis
624 1805 809 1887 claritate¹⁴)
826 1831 873 1870 se·

115 1999 143 2062 2)
162 2000 249 2064 aratia
265 1999 296 2049 B.
392 2015 396 2024 ¹

116 2067 144 2132 3)
163 2069 326 2118 erudirentur
343 2067 375 2116 Β.

114 2135 142 2198 4)
161 2143 267 2184 venerat
284 2137 420 2185 advocatur
437 2134 469 2182 B.

114 2201 144 2266 5)
163 2202 305 2252 Maioriani
326 2202 397 2266 legit
413 2201 560 2260 Baronius3
588 2202 616 2248 et
633 2215 682 2262 pro
701 2199 773 2247 auius
788 2223 822 2232 —
839 2199 874 2246 ai-

61 2277 99 2324 vis
117 2272 229 2322 eiusdem
246 2272 302 2329 loct,
321 2285 391 2334 quae
409 2274 503 2318 tamen
522 2266 676 2317 emendatio
694 2265 762 2315 mihi
780 2279 873 2330 super·

62 2342 117 2390 flua
137 2338 256 2388 videtur.

113 2405 141 2469 6)
160 2407 282 2454 miracala
300 2404 361 2456 add.
380 2418 525 2470 perperam
541 2403 573 2452 B.

113 2474 142 2537 7)
161 2476 240 2537 tyitar
256 2473 397 2522 interserit
414 2472 445 2521 B.

157 2540 334 2604 presbyteram
351 2540 382 2589 Β.

113 2609 141 2672 9)
160 2612 240 2658 ararit
257 2608 288 2656 B.

98 2675 142 2740 10)
161 2675 258 2740 afferre
275 2676 307 2724 Β.
326 2675 418 2740 offerri
433 2674 577 2724 Batonius.

98 2743 141 2808 ll)
153 2742 476 2808 proprtamanudedloum
483 2739 592 2801 coela,
602 2737 873 2804 quoniamaoriptura

63 2813 130 2864 Cod.
144 2809 176 2860 A.
186 2812 297 2876 propria
307 2826 394 2860 manae
402 2808 497 2876 proeul
507 2808 589 2858 dubio
599 2805 730 2855 mendosa
740 2809 791 2854 eet.

98 2879 142 2942 12)
161 2880 190 2928 in
208 2877 342 2944 singulari
359 2878 390 2927 B.
421 2889 423 2892 ·

98 2946 142 3004 13)
161 2947 312 2996 adhortatur
328 2946 361 2995 Β.

98 3013 143 3080 14)
161 3017 295 3064 alacritate
312 3013 344 3063 B.
