2154 3678
505 237 548 248 .-
592 207 631 268 15
674 237 716 246 .„

208 366 280 416 vata
301 353 432 416 libenter
456 375 583 434 erogare
604 355 799 435 pauperibus.
833 353 935 430 Igitur
961 375 1028 413 non

208 443 301 502 multo
318 449 386 520 post
400 449 482 502 rates
500 442 648 519 plurimae
664 439 703 498 de
718 440 855 518 partibus
870 440 1029 498 Rhaetia·

209 547 289 598 rum,
315 526 463 585 mercibus
482 535 610 585 onustae
631 543 722 603 quam
742 524 895 601 plurimis,
917 526 1029 602 inspe-

209 620 276 672 rate
298 611 438 670 videntur
461 612 492 668 in
516 611 616 669 littore
639 609 787 682 Danubii,
812 627 891 687 quae
915 610 1030 668 multis

210 696 317 756 diebus
334 715 437 754 crassa
449 691 543 770 Εηὶ9)
558 695 688 753 fluminis
703 693 801 771 glacie
818 693 943 752 fucrant
960 694 1031 752 col-

210 777 386 858 ligatae1⁰):
410 799 488 859 quae
505 779 565 838 Dei
580 772 706 857 imperio
722 799 792 836 mox
813 778 951 850 solutae,
984 779 1030 837 ci·

210 867 316 928 borum
349 866 453 944 copias
481 863 561 922 fame
586 862 795 922 laborantibus
832 863 1029 922 detulerunt.

211 953 301 1009 Tunc
323 957 490 1027 coeperunt
515 967 618 1006 omnes
634 949 734 1007 Deum
753 949 901 1025 insperati
919 967 1030 1006 reme·

213 1035 255 1094 dii
274 1033 450 1110 largitorem
473 1027 662 1110 continuafl)
690 1031 852 1091 devotione
881 1031 1029 1105 laudare,

212 1119 265 1197 qui
293 1136 326 1175 se
357 1116 428 1176 tabe
461 1115 622 1176 diuturnae
652 1117 741 1176 famis
764 1115 890 1176 interire
915 1116 1029 1178 crede·

211 1197 344 1280 bant12),
361 1202 493 1260 fatentes
509 1199 681 1260 evidentius
689 1196 728 1278 13)
744 1209 826 1260 rates
842 1210 929 1260 extra
946 1211 1028 1260 tem·

211 1307 268 1367 pus
282 1285 406 1364 glaciali
421 1287 534 1346 solutas
549 1285 661 1364 frigore
670 1281 707 1364 14)
723 1287 805 1346 servi
818 1287 880 1345 Dei
898 1288 1027 1366 praeci·

192 1417 197 1426 .
212 1372 270 1432 bus
285 1367 459 1431 advenisse.

274 1456 330 1516 IV.
354 1455 509 1515 Paridem
524 1465 642 1533 tempus
658 1456 813 1532 inopinata
829 1455 1026 1533 surreptione

214 1539 387 1621 praedones
408 1540 543 1614 barbari,
571 1560 780 1620 quaecumque
808 1548 894 1600 extra
919 1560 1025 1599 muros

212 1626 366 1684 hominum
386 1625 596 1704 pecudumque
618 1633 809 1702 repererant,
832 1625 950 1685 duxere
972 1645 1026 1684 ca-

213 1711 309 1788 ptiva.
344 1709 433 1768 Tunc
457 1709 559 1787 plures
583 1728 600 1768 e
622 1710 740 1768 civibus
749 1705 773 1787 1)
789 1709 828 1768 ad
845 1712 943 1768 virum
960 1711 1021 1770 Dei

216 1814 282 1853 cum
310 1793 452 1872 lacrymis
487 1793 673 1852 confluentes
702 1794 807 1854 illatae
838 1793 1023 1854 calamitatis

216 1878 343 1939 exitium
361 1878 545 1949 retulerunt,
570 1877 658 1937 simul
685 1879 880 1941 ostendentes
906 1877 1027 1938 indicia

214 1963 383 2024 recentium
411 1964 592 2042 rapinarum.
617 1962 693 2022 'Ille
714 1983 788 2023 vero
809 1963 1026 2023 Mamertinum

215 2056 430 2129 percunctatus
447 2057 508 2122 est,
530 2055 603 2108 tunc
618 2047 785 2119 tribunum,
808 2049 860 2127 qui
873 2057 942 2126 post
959 2050 1026 2128 epi-

267 2315 293 2379 9)
313 2317 345 2366 ln
363 2315 461 2366 vocula
479 2331 568 2365 massa
585 2315 617 2365 A.
636 2317 727 2366 omisit
739 2316 863 2367 ultimam
875 2317 984 2366 literam
996 2335 1024 2375 a,

218 2387 245 2433 et
264 2399 297 2433 ex
314 2383 417 2433 duobus
439 2382 531 2432 verbis
553 2383 622 2432 fecit
643 2398 726 2432 unum
747 2400 819 2435 eruas
841 2387 890 2434 eui.
925 2385 1027 2435 Velser

216 2451 344 2500 mendose
362 2451 451 2500 Rheni.
469 2450 603 2499 Baronius
621 2466 675 2500 om.
692 2451 753 2504 Eni.

252 2517 293 2582 10)
312 2521 459 2582 conpetatae
479 2517 512 2568 Β.
531 2522 559 2566 et
575 2517 720 2572 Baronius.

253 2585 294 2648 ll)
312 2587 458 2636 continuata
475 2585 507 2635 B.

251 2653 293 2717 12)
313 2655 356 2719 qui
371 2655 436 2702 mulo
454 2654 587 2702 diuturnae
606 2688 613 2703 .
633 2687 639 2704 .
660 2692 666 2705 .
688 2655 885 2717 .crcdiderant‚
906 2655 936 2707 B.
967 2655 1023 2704 Ba-

218 2722 310 2772 rouius
328 2719 408 2785 legit:
432 2721 523 2786 quide
541 2720 598 2770 tube
617 2723 670 2774 eto.

253 2788 294 2851 13)
313 2787 391 2839 deest
408 2789 437 2837 in
453 2788 486 2836 Β.

253 2857 295 2920 14)
314 2855 380 2905 Cod.
392 2856 423 2904 B.
442 2853 524 2920 legit:
543 2863 621 2905 extra
638 2858 769 2921 lepitimum
786 2864 881 2921 tempus
899 2873 915 2906 u
931 2859 1027 2922 placiei

218 2927 345 2974 resolutae
360 2923 470 2990 tmpore.
505 2923 640 2974 Baronius
658 2924 806 2975 concordat
825 2940 886 2975 cum
904 2925 935 2975 A.

270 2989 294 3055 1)
313 2993 398 3057 sicque
413 2993 503 3061 plures
520 2993 552 3042 de
569 2993 662 3042 civibus
679 2992 711 3041 Β.
