2154 3678
524 263 709 322 -6-

209 411 378 490 respondit:
411 411 472 486 „Si
489 413 650 489 fugitivum
665 420 768 490 putas,
791 431 865 490 para
879 410 935 468 tibi
948 430 1015 488 pre·

209 498 300 570 tium,
322 496 404 576 qnod
418 516 472 573 pro
488 516 536 556 me
551 497 664 575 possis,
691 517 758 555 cum
783 497 868 554 fuero
890 497 1016 573 requisi-

209 591 266 653 tus,
284 582 422 640 offerre.“
463 583 519 641 His
539 582 615 641 talia
629 577 843 657 Severinus³⁶)
859 600 929 638 mox
946 580 1016 638 sub·

209 667 334 725 iiciens:
359 665 462 743 „Quid
476 666 609 746 prodest,
626 667 735 746 inquit,
748 685 836 726 servo
848 664 909 722 Dei
925 666 1016 741 signi·

209 751 312 810 ficatio
328 746 421 828 sui³⁷)
438 752 512 821 loci,
533 753 586 810 vel
607 752 727 828 generis
749 751 810 823 sui,
834 769 900 808 cum
916 749 1016 828 potius

209 835 241 894 id
257 835 387 895 tacendo
406 836 527 896 facilius
542 838 636 913 possit
652 838 768 896 evitare
780 835 956 894 iactantiam
964 829 1016 910 ³⁸),

210 929 316 999 utpote
338 920 502 993 sinistram,
526 941 587 999 qua
601 923 759 980 nesciente
775 921 863 997 cupio
883 913 1015 995 omne³⁹)

211 1025 286 1082 opus
303 1005 412 1063 bonurn
421 1003 539 1063 Christo
559 1005 691 1064 donante
706 1005 862 1082 perficere,
877 1023 936 1082 quo
954 1023 1016 1062 me·

145 1100 152 1110 ·
209 1086 358 1168 reatur40)
387 1087 502 1148 dextris
515 1084 555 1165 41)
583 1091 681 1150 socius
710 1090 776 1148 fieri
808 1097 838 1148 et
868 1107 1017 1166 supernae

208 1175 327 1253 patriae
345 1175 421 1232 civis
437 1172 572 1232 ascribi?
607 1169 726 1252 Qua42)
742 1175 768 1234 si
789 1193 837 1232 me
860 1171 1016 1250 indignum

209 1259 364 1317 veraciter
386 1255 594 1335 designaress)
617 1259 789 1336 cognoscin,
816 1257 889 1338 quid
909 1266 940 1315 ts
964 1277 1017 1316 ne·

210 1363 297 1402 cesse
326 1352 372 1404 est
396 1353 548 1403 terrenam
575 1363 775 1420 cognoscere,
805 1362 895 1422 quam
924 1361 1017 1422 quae·
1069 1409 1070 1412 Ἴ

209 1424 322 1506 ris⁴⁴)‘?
360 1429 577 1488 Verumtamen
593 1431 683 1501 scito,
710 1429 783 1508 quia
798 1429 900 1498 Deus,
921 1427 1018 1505 quite

208 1513 399 1573 sacerdotem
414 1515 480 1574 fieri
497 1515 664 1592 praestitit,
684 1516 750 1592 ipse
766 1533 813 1570 me
828 1531 951 1592 quoque
966 1530 1017 1588 pe·

209 1598 413 1658 riclitantibus
440 1600 487 1657 his
516 1598 687 1659 hominibus
718 1600 865 1656 interesse
893 1615 1018 1673 praece·

207 1683 284 1760 pit.“
313 1678 432 1758 Tali45)
447 1692 628 1741 memoratus
645 1683 807 1762 presbyter
821 1682 1019 1758 responsione

210 1768 368 1839 conticuit,
389 1768 626 1846 necquicquam
648 1777 719 1826 ante
741 1767 792 1827 vel
812 1775 882 1844 post
897 1765 1020 1824 beatum

208 1852 306 1909 virum
327 1871 419 1931 super
435 1852 493 1911 hac
508 1861 595 1929 parte
616 1853 791 1930 percontari
805 1851 1019 1930 praesumpsit.
1072 1836 1073 1882 ¹

242 2102 289 2165 36)
308 2103 444 2154 Severiano
461 2106 530 2155 serio
547 2105 596 2166 B.,
622 2105 668 2170 qui
690 2105 762 2154 idem
785 2121 845 2154 mox
862 2101 925 2152 voci
942 2101 1020 2152 subii-

209 2172 279 2221 ciens
296 2173 444 2237 postponit.
480 2173 615 2222 Baronius
633 2173 703 2238 legit
721 2172 820 2223 Senior.

243 2238 286 2299 37)
303 2244 344 2289 sui
361 2255 412 2289 om.
431 2240 462 2288 B.

242 2305 286 2370 38)
305 2322 358 2355 cum
379 2309 462 2370 possit
486 2309 515 2357 id
541 2310 647 2358 tacendo
674 2309 787 2358 sanctius
812 2309 895 2358 uitare
922 2309 1021 2356 iactan-

211 2377 270 2423 tiam
288 2374 319 2422 Β.

244 2439 287 2502 39)
308 2456 379 2490 omne
397 2441 475 2490 deest
493 2441 521 2489 in
539 2442 571 2491 B.

243 2507 286 2571 40)
306 2508 401 2558 eodem
419 2509 490 2570 iure,
517 2508 540 2557 si
563 2510 633 2558 ratio
660 2525 755 2559 sensus
774 2507 904 2571 habetur,
930 2507 1021 2559 altera

210 2575 276 2627 uod.
296 2576 326 2624 B.
346 2575 430 2625 lectio
448 2592 548 2626 merear
565 2583 656 2642 potest
675 2577 795 2626 defendi.

243 2643 287 2706 41)
306 2646 407 2694 destris
434 2650 561 2693 concrete
591 2645 637 2705 Aa
673 2647 798 2695 dexterae
831 2644 955 2694 absolute
987 2645 1019 2693 B.

207 2711 340 2761 ¹Alludere
358 2712 467 2762 videtur
486 2717 589 2762 auctor.

243 2779 287 2843 42)
307 2779 376 2840 Qua:
404 2796 420 2829 a
443 2779 564 2828 secunda
587 2796 670 2829 manu
691 2797 777 2844 quam,-
804 2780 940 2844 scriptura
967 2780 1023 2844 pri-

209 2863 270 2897 mae
289 2863 394 2910 manus,
414 2848 589 2898 consentiens
608 2863 669 2897 cum
688 2847 753 2897 Cod.
772 2849 814 2908 B.,
835 2853 877 2897 est
896 2862 987 2897 erasa.

307 2917 457 2965 desiderare
474 2916 507 2963 B.

207 3033 210 3040 ,
243 2914 287 3042 ἐξ)
306 2985 416 3048 requiris
434 2983 464 3035 B.

244 3051 288 3112 45)
306 3051 377 3100 Ante
395 3053 442 3100 tali
459 3050 536 3100 addit
553 3050 719 3115 particulam
738 3059 763 3101 et
780 3050 810 3101 B.
