2154 3678
379 244 586 302 ..41..

73 390 130 448 vix
141 385 181 464 11)
196 371 410 469 praesentibus
425 391 513 449 homo
525 392 588 450 Dei
604 404 707 451 taoere
721 412 795 471 prae
814 413 887 472 gau·

75 475 130 535 dio
147 475 313 551 persuasit,
336 484 367 536 et
382 474 482 535 denuo
497 475 538 548 ad
556 495 639 535 eum:
662 477 761 554 „Vis,
781 479 887 558 inquit,

74 567 111 618 ut
121 557 162 637 ¹⁵)
176 560 495 636 rogemusDominum,
507 570 542 620 ut
557 570 587 619 te
603 560 702 620 adhue
717 565 813 622 servis
826 565 888 624 suis

73 646 109 702 in
129 645 189 704 hae
210 645 274 702 vita
292 643 464 704 condonare
483 645 671 723 dignetur?“
702 647 745 704 At
760 647 812 706 ille
829 649 887 708 ait:

74 729 336 803 „PerDominum
358 739 389 788 te
416 732 555 804 ooniuro,
578 750 617 789 ue
640 729 752 790 diutius
773 732 823 790 hio
843 742 887 791 te-

70 833 168 884 near,
194 823 225 873 et
249 813 381 872 frauder·
394 815 496 893 quiete
517 823 682 894 perpetua,
705 816 736 873 in
760 836 820 895 qua
840 836 887 876 me

73 917 147 958 esse
157 894 195 976 16)
213 898 405 958 cernebam.“
430 897 600 978 Statimque
615 899 736 959 reddita
751 902 888 960 oratione

73 984 198 1064 quievit
215 983 372 1042 exanimis.
407 985 475 1044 Hoo
494 993 595 1044 autern
612 985 726 1044 faotrrm
743 984 774 1045 S.
792 986 886 1046 Seve-

72 1071 137 1127 rini
153 1066 343 1128 adiuratione
366 1069 409 1128 ita
435 1070 566 1136 uelatum
583 1079 644 1141 est,
667 1079 701 1129 ut
721 1080 791 1130 ante
811 1091 887 1130 mor·

73 1166 140 1212 tem
167 1153 233 1212 eius
260 1172 322 1212 non
346 1155 497 1231 potuisset
521 1156 665 1231 agnosei'3
700 1175 756 1232 ego
785 1164 888 1215 tamen

72 1239 165 1309 haee,
186 1256 266 1318 quae
282 1239 383 1310 retuli,
397 1239 495 1298 Marci
510 1238 690 1298 subdiaconi
705 1249 737 1299 et
755 1242 887 1299 Materni

72 1324 216 1381 ianitoris
232 1322 380 1382 relatione
396 1326 535 1401 cognovi.
569 1323 648 1382 Nam
672 1324 833 1405 presbyter
857 1333 888 1383 et

73 1407 225 1466 diaeonus
247 1409 324 1466 tanti
347 1416 441 1467 testes
467 1408 620 1479 miraculi,
651 1417 722 1467 ante
750 1418 887 1467 sanetum

71 1494 196 1568 virum,¹
221 1493 270 1550 eui
291 1493 466 1550 iuraverant
487 1493 562 1550 nulli
584 1511 617 1551 se
638 1492 720 1572 quod
745 1492 888 1552 viderant

72 1577 259 1655 prodituros
279 1576 391 1636 obiisse
409 1578 607 1636 noscuntur.“
626 1611 628 1616 ,

138 1661 244 1720 XVII.
267 1662 395 1721 Talibus
410 1663 500 1738 igitur
515 1661 725 1723 B.Severiuus
740 1660 886 1742 perOhri·

72 1747 115 1806 sti
136 1747 266 1824 gratiam
294 1747 455 1824 opulentus
481 1748 669 1819 muneribus,
699 1749 888 1826 captivorum

73 1833 169 1891 etiam
188 1849 411 1911 egenorumque
427 1840 544 1891 tantam
559 1852 661 1891 euram
674 1833 814 1911 ingenita
829 1832 888 1891 sibi

70 1917 193 1994 pietate
207 1925 392 1994 susceperat,
401 1925 434 1974 ut
443 1936 541 1994 paene
557 1936 662 1977 omnes
677 1938 732 1996 per
744 1919 888 1977 universa

72 2000 191 2080 oppida
222 2000 274 2059 vel
301 2002 429 2060 castella
451 2019 602 2080 pauperes
623 2004 718 2080 ipsius
739 2000 889 2060 industria

71 2094 291 2164 pascerentur:
308 2085 418 2164 quibus
434 2094 496 2144 tam
511 2087 593 2144 laeta
610 2086 817 2147 sollieitudine
833 2087 886 2145 mi·

71 2168 241 2240 nistrabat,
262 2179 295 2228 nt
319 2180 391 2229 tuno
411 2190 444 2230 se
460 2169 599 2230 crederet
615 2169 821 2230 tantummodo
838 2190 885 2230 sa·

71 2256 180 2326 turari,
195 2254 246 2313 vel
262 2253 418 2314 abundare
436 2254 525 2314 bonis
544 2256 691 2327 omnibus,
707 2254 828 2335 qnando
841 2256 886 2313 vi·

73 2338 172 2398 dabat
192 2340 345 2415 egentium
366 2359 492 2417 corpora
512 2341 683 2400 sustentari.
724 2343 765 2400 Et
786 2335 884 2417 oum¹)

71 2423 337 2496 hebdomadarum
344 2426 526 2485 continuatis
538 2426 660 2486 ieiuniis
671 2426 792 2485 minime
805 2426 885 2486 fran-

59 2499 215 2584 'geretur,
237 2518 340 2567 tamen
365 2511 467 2569 esurie
488 2512 664 2571 miserorum
687 2531 719 2571 se
742 2510 887 2570 credebat

72 2593 232 2652 afflictum.
268 2590 362 2654 Cuius
377 2594 569 2672 largitionem
585 2605 648 2660 tam
662 2596 745 2674 piam
763 2595 794 2652 in
811 2614 885 2673 pau·

110 2827 153 2891 14)
172 2842 232 2878 oero
251 2828 393 2879 interserit
411 2829 442 2878 B.

111 2893 153 2957 15)
171 2901 198 2944 ut
216 2910 268 2947 om.
286 2895 318 2946 B.

109 2961 152 3023 16)
172 2968 307 3027 postesse
325 2965 357 3014 B.
379 2963 439 3014 add.
459 2968 516 3014 tum.
540 3001 544 3008 ,

128 3029 154 3095 1)
173 3035 236 3096 post
253 3047 305 3081 cam
325 3031 385 3084 add.
405 3033 459 3096 ipse
477 3032 510 3083 B.
