2154 3678
195 388 253 446 nisi
274 385 461 444 venerabilis
483 385 619 464 parentis
640 385 807 450 Annalium
830 381 1004 454 Ecclesiae,

197 487 340 547 Caesaris
353 486 526 561 Oerdinalis
538 487 663 564 Beronii
679 484 733 563 (ad
747 505 796 544 an.
808 483 871 562 482)
884 484 1005 560 ¹diguis-

195 591 300 649 simum
326 590 480 649 recensitu
500 589 653 668 eloquium
676 587 714 645 de
736 595 832 645 morte
854 588 886 647 S.
907 585 1005 645 Seve-

194 692 268 750 rini:
294 691 366 764 „Ad
382 691 439 748 hoo
454 691 554 768 ipsum
565 689 669 747 vivum
685 672 864 767 semperque
876 707 1005 746 manens

194 794 326 851 omnium
341 793 486 851 virtutum
503 790 711 867 dignissimum
732 788 890 868 exemplar
908 787 1005 866 digito

193 894 256 954 Dei
277 894 457 973 inscriptum
531 911 664 970 provoco
683 913 738 966 ...3
767 893 819 971 qui
839 892 906 949 iure
930 890 1005 949 lieet

194 995 374 1054 Noricorum
402 993 569 1071 Apostolus
596 994 782 1066 nominetur,
813 1001 916 1050 temen
941 1012 1005 1050 non

193 1096 289 1155 solum
305 1096 442 1167 Noricis,
461 1094 517 1153 sed
534 1102 565 1153 et
580 1095 721 1168 Batavis,
737 1093 924 1165 Vindelicis,
940 1093 1004 1152 Ru·

193 1198 239 1275 gis
259 1206 289 1255 et
311 1196 380 1256 eliis
395 1195 600 1273 Evangelium
619 1195 826 1274 praedicavit,
849 1197 1004 1274 sequenti-

192 1299 249 1358 bus
266 1299 442 1377 apostolicis
462 1299 555 1375 signis
572 1342 580 1358 .
598 1341 605 1356 .
624 1340 655 1356 ..
693 1296 762 1374 Quo
784 1317 851 1355 oum
875 1296 1004 1355 eaedem

192 1400 332 1459 nationes
355 1408 439 1458 tanto
464 1399 632 1477 glorientur
651 1400 840 1457 institutore:
864 1397 1005 1476 quidest

193 1502 274 1582 quod
300 1502 514 1581 quamplurimi
534 1521 573 1560 ex
597 1503 685 1579 ipsis,
714 1499 888 1579 posthabita
918 1507 1005 1558 reete

193 1623 329 1682 veraque
345 1602 498 1662 miraculis
515 1603 606 1662 etiarn
624 1609 747 1662 ostense
763 1601 914 1673 doctrina,
931 1621 1003 1659 oon-

192 1706 275 1762 versi
299 1705 361 1764 sint
388 1703 428 1762 ad
453 1705 655 1764 recentiorum
682 1701 802 1761 fabulas
831 1702 1004 1761 haeretieo-

192 1803 280 1864 rum?
320 1803 414 1864 Cuius
436 1824 535 1863 rerum
549 1802 709 1883 praeclare
724 1794 877 1879 gestorum
898 1811 1003 1862 auoto-

193 1927 258 1966 rem
273 1905 392 1966 hebetis
409 1905 485 1964 adeo
505 1906 677 1984 probatum,
693 1885 799 1984 utpote
813 1906 866 1983 qui
881 1905 1005 1983 scripsit

194 2028 246 2082 ea,
268 2029 347 2089 quae
368 2009 460 2082 vidit,
484 2017 515 2066 et
535 2016 621 2066 tanta
642 2006 765 2086 quidem
785 2005 859 2079 fide,
886 2015 1003 2064 utnon

193 2110 329 2170 audeant
345 2131 413 2169 sum
428 2109 522 2170 vestri
537 2110 674 2181 relicere,
690 2109 750 2166 imo
766 2106 902 2182 laudent,
920 2106 1002 2168 cele·

193 2212 281 2270 brent
298 2221 388 2290 atque
403 2210 644 2270 commendent.“

255 2311 432 2372 Scribebam
455 2315 577 2384 Romae,
599 2314 678 2372 festo
694 2309 724 2370 S.
741 2312 905 2390 Hippolyti
919 2312 1002 2370 Mar-

191 2415 282 2494 tyris,
303 2424 380 2478 1860.
