2154 3678
485 202 528 215 ····
570 185 629 226 VIII
673 199 715 208 -

195 344 262 384 rum
290 343 345 382 rex
373 323 494 380 nomine
515 319 731 378 Flaeeithaeus
770 318 871 395 magni
898 317 1013 376 habuit

199 427 231 486 S.
250 424 444 494 Severinum,
466 441 555 501 quem
568 421 599 478 in
620 421 681 479 suis
696 421 841 498 perieulis
854 428 1013 499 tamquam

199 526 332 585 eoeleste
354 523 533 583 consulebat
560 522 725 580 oraculum.
767 522 871 579 Etiam
895 521 1013 600 reliqui

199 647 238 686 ex
253 627 401 698 barbarie,
422 625 560 706 quamvis
577 632 679 683 essent
691 623 808 692 Ariani,
830 641 940 700 magno
955 622 1014 694 ho7
1069 639 1070 650 ³

197 749 272 788 nore
300 736 330 787 et
354 727 548 786 observantia
575 745 644 784 eum
673 723 950 805 prosequebantur,
981 735 1014 782 et

198 829 351 889 miraculis
383 847 473 907 quam
502 828 640 906 plurimis
670 827 797 905 patratis
829 826 945 899 evenit,
976 835 1013 884 ut

197 939 259 989 tam
276 932 431 1007 Rugorum
448 949 539 1008 quam
554 918 681 987 aliorum
700 927 772 986 iude
788 928 1013 986 transeuntium

198 1029 392 1089 barbarorum
418 1031 681 1109 frequentissimus
704 1028 831 1088 adeum
854 1036 935 1088 esset
958 1049 1010 1090 ae·

199 1152 314 1190 nessus.
339 1165 373 1174 -
397 1129 508 1190 Curam
527 1129 665 1190 adhibuit
684 1150 738 1207 pro
757 1129 942 1189 redimendis
959 1150 1012 1188 oa·

199 1234 307 1313 ptivis,
334 1233 453 1310 ingenti
477 1233 624 1310 penuriae
646 1231 825 1290 Noricorum
851 1250 1011 1290 sueeurre·

193 1334 265 1407 bat,
294 1343 324 1392 et
339 1332 532 1393 idololatriae
554 1333 699 1413 reliquias
716 1334 747 1390 in
763 1333 868 1391 eadem
882 1333 1011 1409 regione

199 1444 231 1494 et
253 1434 371 1496 detexit
391 1443 423 1494 et
442 1437 563 1514 penitus
587 1434 720 1494 abstulit.
750 1467 785 1476 -
817 1435 1012 1510 Dignitatem

201 1537 394 1614 episcopatus
416 1536 474 1595 sibi
496 1536 630 1614 oblatam
652 1537 823 1608 recusavit,
853 1544 884 1594 et
904 1556 1011 1594 mona·

199 1636 322 1695 chorum
338 1636 529 1715 disciplinam
544 1637 624 1696 bene
640 1637 778 1696 instituit.
793 1635 1012 1696 -Admonuit

198 1756 301 1815 regem
323 1738 479 1815 Rugorum
501 1738 680 1797 Feletheum
703 1746 734 1795 et
748 1739 884 1816 reginam
903 1736 1012 1796 Gieam

198 1838 296 1910 instar
315 1837 479 1914 Ieremiae,
507 1839 667 1917 coegitque
689 1839 772 1898 iussa
796 1859 958 1918 capessere
967 1838 1010 1915 ²¹²),

199 1960 218 1998 a
236 1940 345 2020 quibus
360 1941 533 1999 resilientes
554 1959 624 1998 mox
646 1939 750 1998 divina
772 1949 818 2000 est
844 1951 1010 2000 consecuta

199 2040 346 2100 vindicta.
376 2039 452 2100 Cum
468 2041 606 2100 nimirum
621 2041 708 2100 ambo
723 2042 775 2100 isti
791 2043 886 2120 ipsius
903 2042 935 2102 S.
952 2041 1009 2100 Se-

199 2143 298 2201 verini
313 2143 371 2220 piis
386 2143 508 2201 monitis
526 2163 587 2201 non
610 2144 797 2221 paruissent,
820 2152 889 2220 post
911 2128 1009 2202 annos

200 2244 334 2322 quinque
351 2244 447 2302 vineti
467 2245 641 2322 captivique
657 2243 739 2302 ducti
755 2245 871 2302 suntin
886 2244 1009 2302 Italiam

201 2344 240 2402 ab
249 2341 388 2404 Odoaere
402 2344 681 2421 regeHerulorum,
700 2345 748 2402 oui
760 2346 866 2404 itidem
877 2353 1008 2423 tempus,
1069 2387 1070 2424 3

199 2463 261 2524 quo
277 2454 458 2522 regnaturus
473 2456 563 2518 esset,
581 2445 735 2523 praedixit
742 2446 798 2523 **)

263 2547 365 2605 Vitam
382 2547 414 2606 S.
428 2545 568 2606 Severini
589 2548 767 2625 conseripsit
788 2549 853 2606 eius
874 2547 1008 2626 discipu·

200 2647 248 2706 lus
263 2650 428 2722 Euyippiua
455 2648 617 2729 presbyter
638 2657 668 2706 et
695 2648 804 2718 abbas,
831 2650 883 2728 qui
902 2649 1009 2706 harum

201 2799 402 2810 m.

252 2880 277 2945 *l
297 2883 332 2932 ef.
347 2851 408 2948 oapi
421 2883 468 2934 IX.
483 2888 511 2932 et
524 2898 584 2947 enp.
597 2883 655 2932 XL.
669 2884 752 2932 vilae.

237 2963 276 3029 **)
296 2967 334 3016 cf.
347 2977 407 3030 cap.
420 2967 516 3016 xurv.
531 2968 616 3018 vitae.
