2154 3678
162 720 292 797 VITA
319 719 507 798 SANOTI
534 719 786 799 SEVERINI.

357 897 399 938 VI.
415 897 458 937 ID.
474 897 602 939 IANUAR.

67 1125 216 1192 nourr
237 1125 335 1192 vrri
355 1126 434 1192 vnn
459 1127 595 1194 ornus
619 1129 671 1194 sr.
694 1127 881 1194 snvnnru

334 1243 610 1328 ‚concussonru

109 1401 138 1460 Ι.
174 1400 213 1458 In
228 1396 412 1480 tompore¹),
433 1421 493 1481 quo
510 1401 609 1460 Attila
629 1421 685 1462 rex
701 1402 879 1460 Hunnorum

68 1485 236 1544 defunctus
250 1493 305 1559 est,
316 1493 446 1566 utraque
457 1487 618 1545 Pannonia
631 1496 793 1566 ceteraque
809 1506 878 1544 oon-

66 1571 142 1630 finia
158 1570 296 1628 Danuvii
308 1565 334 1649 ²)
353 1571 443 1630 rebus
463 1569 662 1630 turbabantur
684 1571 831 1646 ambiguis
839 1566 878 1651 ³).

67 1655 161 1714 Tunc
185 1654 290 1734 itaque
310 1656 516 1716 sanctissimus
530 1655 592 1715 Dei
608 1655 739 1714 famulus
756 1653 878 1716 Severi-

66 1759 128 1798 nus
156 1737 195 1796 do
215 1739 351 1816 partibus
375 1739 507 1800 Orientis
530 1739 698 1800 adveniens
717 1742 748 1799 in
766 1741 880 1802 vicinia

67 1823 181 1883 Norici
192 1823 335 1902 Ripensis
352 1833 382 1884 et
398 1825 622 1885 Pannoniorum
643 1822 781 1904 purvo⁴)‚
797 1826 879 1906 quod

65 1903 228 1984 Asturis⁵)
255 1907 378 1982 dicitur,
407 1908 518 1989 oppido
547 1909 742 1983 morabatur,
770 1912 879 1970 vivens

20 2115 21 2118 ’
126 2109 152 2174 l)
172 2110 236 2160 Sine
254 2109 391 2175 particulo
408 2111 435 2160 io
452 2108 519 2162 Cod,
536 2111 569 2158 Β.

122 2177 149 2241 2)
168 2179 298 2228 Dannobii
312 2179 359 2240 B.;
387 2177 562 2243 duplicantur
586 2192 669 2242 saepe
689 2177 717 2226 in
736 2177 802 2228 Cod.
821 2193 878 2228 me·

67 2245 110 2296 dii
129 2247 193 2295 aovi
215 2246 313 2295 literae
338 2248 529 2306 consumatae,
555 2248 582 2294 ot
605 2249 803 2294 commutantur
824 2261 879 2296 non

68 2312 159 2364 semol
177 2312 296 2363 labiales
313 2313 328 2362 b
347 2317 374 2362 et
391 2329 414 2362 o.

122 2379 149 2444 3)
169 2379 239 2430 Cod.
255 2381 289 2430 B.
307 2379 383 2429 adda
410 2396 458 2438 „ao
479 2382 585 2446 primm
606 2381 674 2430 inter
687 2382 756 2443 filios
774 2383 828 2432 eius
846 2383 878 2431 de

67 2449 207 2500 obtinendo
233 2463 311 2511 reyno
336 2463 426 2512 magna
451 2455 509 2498 runt
535 2455 629 2498 exorta
655 2451 807 2506 certamino,
836 2450 879 2515 qui

67 2515 157 2568 morbo
175 2517 278 2580 iniquae
295 2516 471 2566 dominationis
488 2515 577 2579 inflati,
595 2521 724 2566 materiam
740 2519 782 2568 oui
797 2519 877 2566 scere-

66 2587 109 2634 rir
126 2598 251 2647 accepere
267 2585 351 2647 patrio
369 2585 522 2632 interituri.“

121 2650 148 2713 4)
155 2653 194 2766 ἐκ
210 2651 298 2701 vicinio
317 2651 408 2701 Norici
424 2651 543 2714 Ripensis
566 2658 593 2700 et
609 2652 798 2701 Pannoniorum
813 2665 877 2714 par·

66 2719 138 2769 tibur
183 2755 189 2767 .

121 2783 148 2849 5)
167 2785 303 2834 Barouius
321 2783 402 2851 legit:
421 2787 453 2836 de
468 2785 586 2849 partibus
605 2783 715 2834 Orientis
731 2786 758 2833 in
775 2784 878 2833 Panno·

65 2854 270 2914 nimborum,
289 2854 479 2910 morabaturio
495 2854 605 2917 oppido,
624 2853 691 2916 quod
709 2850 823 2900 Castoris
840 2852 878 2900 di·

65 2924 153 2976 citur:
171 2935 241 2986 quoe
260 2921 368 2984 quidem
385 2920 469 2970 lectio
488 2919 695 2969 commentatori
713 2917 818 2968 erudito
832 2917 877 2968 de-

66 2990 167 3049 betur,
189 3001 284 3038 verum
307 3004 361 3038 non
385 2988 420 3037 od
442 2987 590 3052 genuinam
610 2986 751 3050 scriptorio
769 3001 878 3036 monum

69 3055 173 3106 referri
191 3060 290 3121 potent.
309 3082 342 3090 -
361 3055 475 3105 Castoris
493 3054 578 3106 etiam
596 3052 663 3119 legit
682 3055 745 3104 Per.
