2154 3678
495 232 704 293 „78-

194 383 332 444 invenire
348 383 498 442 disiuncta
516 378 597 462 [narn
612 401 708 441 annus
723 390 828 441 sextus
841 381 1006 460 depositio·

194 471 241 528 nis
258 469 323 528 cius
340 464 535 547 effluxerat]‚
561 467 710 544 integram
734 467 869 546 corporis
886 487 1006 545 compa·
1051 463 1052 554 l

193 573 264 631 gem
275 554 452 632 reperimus.
486 550 534 611 Ob
550 551 631 630 quod
645 546 869 628 miraculumffl)
881 553 1006 610 immen-

195 658 244 698 sas
261 639 374 717 gratias
389 637 546 696 retulimus
562 637 693 694 omnium
709 636 870 708 conditori,
887 637 940 716 qui
957 656 1006 694 ca-

196 723 291 782 daver
308 723 430 795 Sancti,
456 723 487 781 iu
514 741 572 801 quo
598 721 684 779 nulla
712 732 847 780 aromata
874 722 1005 788 fuerant,

194 809 281 867 nulla
297 828 403 866 manus
422 815 594 865 accesserat
616 805 800 880 condientis,
824 826 891 865 cum
910 805 1007 865 barba

194 895 309 972 pariter
328 900 358 952 ct
379 891 500 970 capillis
523 911 621 970 usque
645 890 685 948 ad
706 891 782 950 illud
798 901 918 969 ternpus
938 911 1006 969 per·

195 978 357 1036 mansisset
381 975 531 1034 illaesum.
564 976 806 1034 Linteamiuibus
833 976 926 1052 igitur
953 977 1007 1034 im·

194 1061 316 1120 mutatis
342 1061 373 1118 in
402 1059 503 1122 loculo
524 1060 617 1118 multo
640 1070 711 1118 ante
737 1062 797 1118 iam
822 1055 1006 1137 tempore¹⁷)

143 1179 146 1186 ·
193 1153 377 1225 praeparato
403 1144 493 1202 funus
520 1143 698 1210 includitur.
731 1140 924 1225 carpento¹⁸)
947 1154 1007 1203 tra·

195 1230 337 1289 hentibus
368 1230 453 1309 equis
489 1226 725 1306 impositumw),
754 1249 826 1288 mox
856 1231 1007 1300 evehitur,

196 1316 313 1374 cunctis
330 1314 488 1374 nobiscum
503 1313 741 1393 provincialibus
753 1313 833 1372 idom
843 1315 902 1372 iter
914 1335 1007 1391 agen·

195 1399 291 1470 tibus,
318 1402 372 1479 qui
393 1399 513 1479 oppidis
535 1419 626 1479 super
646 1400 743 1458 rivam
762 1399 898 1457 Danubii
921 1399 1008 1458 ‹lere-

195 1481 339 1561 lictis²⁰)‚
367 1504 422 1564 per
451 1484 589 1543 diversas
609 1484 720 1542 Italiae
742 1485 885 1561 regiones
905 1486 1008 1543 varias

195 1588 269 1628 suaa
284 1570 539 1648 peregrinationis
547 1563 585 1644 ²¹)
600 1569 699 1627 sortiti
714 1579 785 1626 suut
800 1569 901 1626 sedes.
930 1567 1008 1627 San·
1054 1593 1055 1602 ¹

196 1653 237 1712 cti
259 1655 363 1733 itaque
388 1653 607 1731 corpusculum
631 1652 671 1711 ad
696 1653 854 1712 castellum
883 1655 1008 1712 nomine

194 1739 329 1796 Montam
343 1737 482 1796 Feletem
496 1738 598 1796 multis
616 1739 746 1796 emensis
761 1738 938 1815 regionibus
956 1759 1008 1818 ap-

194 1831 347 1900 portatum
364 1831 419 1882 est.

256 1907 357 1967 XLV.
381 1905 540 1972 Paridem
556 1907 790 1984 tempusmultis
807 1908 899 1966 variis
918 1928 1007 1966 occu·

194 1995 259 2070 pati
280 1992 493 2069 languoribus,
524 2001 555 2050 et
573 1992 711 2050 nonnulli
731 2011 749 2048 a
772 1992 928 2071 spiritibus
954 1993 1008 2051 im·

195 2077 315 2136 mundis
331 2079 483 2155 oppressi,
499 2076 649 2136 medelam
668 2076 790 2135 divinae
806 2079 924 2153 gratiae
942 2079 1008 2136 sine

194 2161 258 2220 ulla
282 2181 366 2220 mora
390 2169 559 2222 senserunt.
599 2161 688 2220 Tunc
710 2170 740 2219 et
762 2171 861 2220 mutus
884 2162 1009 2241 quidam

196 2244 234 2303 ad
255 2244 285 2303 id
306 2246 464 2304 castellum
484 2266 603 2304 suorum
625 2247 819 2305 miseratione
841 2246 1009 2326 perductus

196 2338 257 2397 est,
278 2331 332 2407 qui
348 2329 417 2387 dum
433 2333 463 2389 in
480 2328 662 2405 oratorio¹),
679 2350 737 2409 quo
756 2333 855 2390 sancti
869 2333 928 2390 viri
944 2353 1009 2390 cor-

194 2414 353 2494 pusculum
374 2435 465 2494 super
480 2435 597 2473 carrum
618 2415 749 2494 positum
769 2415 868 2474 adhuc
888 2436 1015 2495 perma⁴

229 2616 273 2681 16)
293 2616 346 2677 Quo
363 2620 482 2667 miraculo
492 2616 531 2682 ,B.

230 2685 271 2744 17)
291 2688 339 2735 iam
356 2692 467 2749 tempore
485 2691 545 2734 onte
562 2684 593 2733 Β.

230 2751 271 2813 18)
290 2760 437 2817 carpentum
454 2752 486 2802 Β.

231 2819 272 2878 19)
290 2821 429 2884 impositum
449 2819 549 2870 excidit
566 2820 595 2869 in
612 2820 644 2869 Β.

229 2885 272 2942 ’20)
291 2891 386 2937 relictr's
403 2889 434 2938 Β.

228 2953 275 3016 21)
292 2957 495 3019 permiprationis
512 2957 543 3005 Β.

250 3021 273 3087 l)
292 3025 431 3072 oratorium
449 3025 480 3074 B.
