2154 3678
521 268 558 276 ‘⁸
604 237 644 299 66
687 268 730 276 ““
1072 295 1073 342 p

219 388 302 446 meni
329 387 409 446 ferre
441 388 542 446 solent
569 406 746 466 perpessus3
778 387 884 466 quinto
910 386 1028 445 demum
1072 381 1073 416 ³

219 492 324 531 mense
338 483 460 531 curatus
475 481 601 541 estnon
617 480 735 531 tantum
751 467 958 549 daemone¹⁰),
975 471 1029 531 sed

221 556 301 635 quod
318 557 364 615 illi
380 565 446 616 erat
460 558 564 616 utilius
582 566 673 636 atque
689 552 869 634 optatius¹¹)
882 559 1030 616 vanitate.
1072 565 1073 634 ,

220 641 400 701 Praedictos
422 642 525 722 itaque
541 641 705 700 monachos
721 642 767 699 vir
785 641 846 700 Dei
871 641 1029 718 delegatos
1072 641 1073 682 i

220 727 365 786 fratribus
382 747 436 806 per
452 726 518 786 dies
534 727 736 805 quadraginta
758 725 861 784 arduis
877 726 1029 786 abstinen-

219 811 282 870 tiae
296 812 438 872 remediis
451 812 645 889 mancipavit.
676 809 794 888 Quibus
807 810 950 889 expletis,
959 810 1031 870 data
1073 819 1074 870 i

220 916 312 976 super
328 917 380 954 eos
395 897 547 968 oratione,
567 904 750 974 apotcstate
767 895 925 955 daemonis
942 897 1028 968 eruit,
1071 907 1074 926 ‘¹

219 1001 277 1039 neo
296 980 391 1039 solum
415 981 550 1058 corporis
577 983 754 1054 sanitatem,
783 979 838 1038 sed
864 989 895 1039 et
920 983 1029 1039 mentis

220 1065 365 1144 impertiit
374 1059 422 1140 ¹²).
454 1064 522 1142 Quo
538 1065 620 1122 facto
640 1076 671 1124 et
679 1060 716 1142 13)
736 1073 842 1124 sancto
858 1066 925 1123 viro
941 1086 1027 1124 reve·

218 1151 336 1208 rentiae
354 1157 450 1208 terror
465 1151 609 1224 accrevit,
632 1157 662 1208 'et
678 1158 816 1208 caeteros
830 1151 925 1208 maior
941 1149 1029 1208 disci·

219 1234 322 1312 plinae
337 1243 434 1292 metus
451 1233 589 1295 obtinuit.

282 1319 452 1384 XXXVII.
469 1319 658 1378 Marcianum
667 1319 865 1391 monachum,
884 1321 937 1399 qui
949 1328 1030 1399 post·

221 1423 258 1462 ea
274 1403 435 1485 presbyter
449 1413 520 1463 aute
541 1424 598 1464 nos
614 1405 798 1462 monasterio
818 1405 967 1482 praefuit,
992 1404 1043 1490 ad·
1074 1437 1075 1488 p

218 1488 363 1547 Noricum
380 1509 447 1548 cum
462 1491 582 1548 Renato
600 1491 694 1548 fratre
710 1488 875 1550 direxerat.
906 1489 1031 1548 Etcum
1074 1497 1075 1550 i

220 1572 284 1632 dies
300 1575 407 1633 tertius
423 1575 586 1646 laberetur,
602 1575 645 1632 ait
660 1573 818 1632 fratribus:
842 1571 965 1645 „Orate
982 1594 1031 1632 ca-

218 1659 348 1733 rissimi,
371 1659 443 1736 quia
458 1662 560 1734 gravis
580 1660 638 1717 hac
654 1658 729 1716 hora
742 1659 966 1717 Mauricianum
979 1661 1030 1718 tri·

218 1742 334 1802 bulatio
350 1744 528 1820 comprimit.
546 1745 744 1817 etRenatum,
761 1743 800 1802 de
819 1721 1029 1824 quatameni)

221 1824 333 1886 Christi
361 1826 571 1887 liberabuntur
598 1828 723 1888 auxilio.
763 1829 852 1887 Tunc
877 1829 1030 1900 monachi,

190 1955 192 1958 -
220 1923 302 1993 quae'
314 1912 353 1970 ab
370 1932 406 1972 eo
422 1912 503 1971 diota
521 1921 591 1972 sunt
603 1914 741 1991 protinus
756 1922 951 1987 annotantes,
969 1915 1031 1972 illis

218 2007 287 2075 post
304 2017 424 2057 menses
436 1998 580 2076 plurimos
595 1996 804 2071 redeuntibus,
819 1998 898 2058 diem
910 1998 1032 2057 horam·

219 2102 279 2161 que
293 2084 431 2162 periculi,
445 2104 506 2164 qua
519 2082 664 2141 barbaros
682 2094 852 2154 evaserant,
868 2082 1031 2142 indicanti-

218 2167 285 2240 bus,
301 2169 379 2226 sicut
397 2171 602 2244 signaverant,
621 2165 871 2247 approbarunti).

283 2253 470 2313 XXXVIII.
494 2255 570 2312 Item
588 2253 780 2311 beatissimus
794 2251 962 2312 Severinus
979 2253 1032 2311 uni

222 2355 260 2396 ex
277 2336 421 2396 fratribus
438 2339 559 2396 nomine
576 2338 654 2397 Urso
675 2347 803 2415 repente
824 2333 1030 2418 praecepit¹),

218 2472 411 2483 ——·-——-

287 2555 296 2619 )
315 2556 346 2605 Β.
366 2556 464 2606 scribit
481 2571 498 2604 a
515 2556 644 2606 daemone.

287 2625 295 2686 )
314 2623 345 2673 ob
363 2626 480 2674 elationis
497 2624 636 2673 interserit
654 2624 685 2673 B.

287 2695 295 2754 )
313 2694 432 2756 impertit.
451 2693 483 2740 Β.

288 2759 297 2824 )
315 2765 340 2809 et
359 2759 461 2809 excidit
478 2760 507 2808 in
524 2759 556 2808 Β.

287 2828 295 2888 )
314 2828 387 2876 ettiua
405 2827 466 2876 add.
485 2827 517 2876 B.

287 2895 295 2957 )
315 2895 520 2958 approbaverunt
537 2895 568 2944 B.

255 2555 266 2604 I

255 2623 266 2672 l

255 2691 266 2740 l

253 2759 266 2808 1

269 2555 286 2604 0

273 2624 282 2672 l

269 2693 284 2738 2

270 2759 285 2810 3

272 2826 283 2875 l

269 2897 285 2944 2

249 2967 252 2975 “
272 2962 296 3025 l)
315 2963 449 3077 Seneppaus
466 2963 596 3026 inonacto,
617 2962 682 3012 Urso
701 2963 806 3022 nomine,
830 2967 936 3026 repente
951 2977 1033 3026 proe-

218 3031 287 3094 cepit
306 3035 359 3079 eto.
403 3066 409 3078 .
