2154 3678
448 148 710 254 ſsio—

198 354 307 403 turum.
340 341 427 402 Haec
439 343 553 423 quippe
565 342 635 400 loca
645 363 725 401 nunc
737 341 934 422 frequentata
947 343 1012 402 cul-

197 427 313 487 toribus
326 427 358 485 in
372 436 433 486 tam
445 427 648 486 vastissimam
661 427 858 487 solitudinem
866 427 1010 505 redigen·

197 523 260 585 tur,
284 522 317 570 ut
332 511 435 572 hostes
455 514 651 572 aestimantes
667 514 731 570 auri
748 532 781 571 se
803 513 960 592 quippiam
971 510 1010 590 ¹¹)

198 607 387 677 reperturos,
419 597 510 657 etiam
532 606 718 656 mortuorum
740 598 912 675 sepulturas
936 599 1010 657 effo-

199 683 314 742 diant.“
331 681 424 742 Cuius
435 681 572 740 vaticinii
583 683 745 741 veritatem
762 693 891 742 eventus
907 703 1011 742 rerum

197 768 405 846 praesentium
418 766 635 845 comprobavit.
657 767 771 825 Levari
786 788 859 826 vero
869 764 908 843 ¹²)
924 788 1012 826 suum

199 852 409 931 corpusculum
423 851 516 910 Pater
536 853 754 932 sanctissimus,
770 853 894 930 pietatis
909 855 1011 932 provi·

199 938 270 1010 dus,
290 944 465 1014 argumento
482 931 698 1014 praecepitffi),
720 947 753 996 ut
770 936 841 995 dum
856 938 1011 1014 generalis

197 1021 303 1102 populi
319 1021 544 1096 transmigratio
562 1022 768 1098 provenisset,
793 1021 929 1080 indivisa
953 1023 1012 1081 fra-

198 1117 286 1177 trum,
294 1125 370 1183 quoe
387 1104 583 1184 adquisierat,
595 1108 789 1182 congregatio
803 1107 1011 1184 proficiscens,

199 1191 325 1249 obtentu
339 1190 500 1248 memoriae
517 1190 582 1248 eius
595 1191 625 1248 in
637 1210 696 1248 uno
715 1199 840 1250 sanctae
856 1193 1013 1252 societatis

198 1276 322 1334 vinculo
338 1283 539 1354 permaneret.

254 1360 340 1419 XLI.
363 1360 455 1418 Diem
468 1360 559 1418 etiam
571 1379 631 1439 quo
642 1360 822 1419 transiturus
835 1370 918 1420 esset
931 1360 1014 1420 idem

198 1445 411 1506 B.Sevcrinus
428 1464 444 1503 e
464 1463 589 1522 corpore
605 1452 676 1502 ante
694 1443 770 1503 duos
783 1465 838 1504 seu
846 1441 869 1521 ¹)
880 1446 1013 1523 amplius

199 1550 293 1590 annos
307 1529 365 1588 hac
377 1529 599 1606 significatione
611 1530 799 1588 monstravit.
822 1529 1013 1609 Epiphanio·

199 1635 264 1672 rum
288 1613 356 1686 die,
375 1632 442 1671 cum
464 1624 585 1672 sanctus
614 1632 647 1671 sc
674 1613 813 1672 Lucillus
837 1615 1015 1694 presbyter,

199 1698 330 1760 Abbatis
356 1697 403 1755 sui
431 1697 603 1770 Valentini,
633 1698 832 1757 eraetiarum
861 1699 1015 1778 quondam

200 1782 348 1862 episcopi,
374 1781 455 1839 diem
471 1780 669 1862 depositionis
693 1803 795 1841 annus
817 1782 1015 1845 solemnitate

199 1870 232 1928 in
248 1868 412 1926 crastinum
430 1866 652 1925 celebraturum
668 1867 817 1927 sollicitus
830 1870 1015 1944 intimasset,

198 1952 280 2013 idem
298 1951 425 2012 famulus
437 1951 500 2010 Dei
519 1952 563 2010 ita
578 1951 752 2029 respondit:
777 1951 831 2027 „Si
846 1954 883 2011 B.
897 1953 1015 2014 Valen-

199 2040 280 2098 tinus
301 2037 380 2097 haec
400 2035 456 2095 tibi
481 2034 667 2096 celebranda
683 2036 830 2096 solemnia
847 2037 1015 2115 delegavit,

200 2143 257 2201 ego
275 2141 398 2202 quoque
415 2121 471 2180 tibi
487 2122 519 2180 in
541 2121 648 2180 eodem
671 2120 720 2180 die
736 2123 909 2199 vigiliarum
930 2144 1015 2183 mea·

199 2227 266 2266 rum
289 2205 388 2266 studia
408 2205 614 2279 observanda,
636 2206 853 2282 migratumsc
875 2227 1013 2286 corpore,

200 2291 409 2370 derelinqu0.“
434 2290 493 2349 Ille
500 2286 527 2367 ²)
541 2291 588 2349 his
602 2291 789 2351 sermonibus
804 2293 1013 2367 tremefactus,

201 2396 268 2435 cum
283 2395 316 2434 se
331 2375 443 2451 magis,
468 2382 574 2453 utpote
589 2375 678 2433 homo
702 2375 875 2456 decrepitus
892 2378 1013 2438 enixius

201 2458 442 2530 commendaret,
460 2459 547 2537 quasi
564 2460 703 2538 primitus
716 2464 912 2535 transiturus,
927 2462 1013 2523 adie-

235 2643 277 2707 11)
295 2648 394 2709 coptum
411 2644 443 2693 B.

235 2712 277 2774 12)
296 2727 357 2777 erpo
373 2713 405 2762 B.

235 2780 276 2842 13)
297 2781 378 2831 Pater
393 2782 566 2831 sanctissimae
582 2780 720 2845 probitatis
742 2783 859 2846 procidis
881 2798 1015 2848 orpumerr·

199 2851 234 2900 tir
248 2852 385 2913 praecepit
402 2848 434 2899 B.

253 2915 280 3049 il
299 2923 332 3031 a
342 2916 382 3032 Bu.
