2154 3678
71 443 187 502 hostes
209 442 332 522 quidem
351 453 530 522 praesentes
538 438 563 520 3)
580 443 641 502 Dei
661 444 776 503 auxilio
798 464 891 524 supc-

71 526 203 602 randos‚
212 527 267 586 sed
282 537 351 606 post
360 528 518 586 victoriam
534 547 587 587 eos
599 528 651 607 qui
663 537 892 588 contemnerent

74 613 147 671 eius
173 613 287 670 monita
314 613 474 692 perituros.
513 613 611 690 Igitur
631 613 760 671 Romani
787 633 890 673 omnes

72 698 183 756 sancti
196 698 257 756 viri
274 697 482 775 praedictione
497 698 624 770 firmati,
647 717 700 776 spe
722 699 890 777 promissae

72 783 228 841 victoriae
274 782 420 852 adversus
440 799 442 804 ’
460 782 648 841 Alamannos
684 783 892 842 instruxerunt

74 867 197 940 aciem,
213 876 350 926 nontam
366 867 574 926 materialibus
594 868 700 940 armis,
716 887 807 946 quam
821 887 890 940 san·
963 855 966 878 ¹

76 952 121 1010 oti
143 953 203 1009 viri
226 951 415 1011 orationibus
436 953 629 1030 praemuniti.
663 951 733 1030 Qua
748 971 890 1029 congres-

77 1037 169 1096 sione
184 1037 275 1095 viotis
292 1057 328 1094 ac
348 1036 535 1114 fugientibus
550 1036 746 1110 Alamannis,
767 1038 814 1095 vir
829 1037 890 1095 Dei

75 1121 123 1180 ita
137 1121 271 1179 victores
286 1120 466 1201 alloquitur:
495 1122 608 1196 „Filia
630 1142 670 1181 ne
687 1123 797 1182 vestris
816 1123 890 1180 viri·

75 1204 135 1264 bus
146 1205 278 1283 palmam
289 1207 460 1283 praesentis
476 1207 648 1266 certaminis
661 1207 841 1286 computetis
851 1203 889 1284 4),

77 1291 214 1349 scientes
229 1290 357 1364 idcirco5
380 1311 436 1350 vos
451 1293 513 1350 Dei
527 1291 681 1371 praesidio
689 1289 716 1362 5)
734 1293 889 1363 liberatos,

77 1385 112 1433 ut
126 1375 197 1432 hino
209 1394 305 1453 parvo
316 1376 479 1435 intervallo
494 1376 649 1453 temporis,
665 1377 752 1454 quasi
767 1375 889 1454 quibus·

79 1460 151 1520 dam
181 1461 332 1518 concessis
359 1457 535 1537 induciis⁰),
564 1459 739 1519 discedatis.
768 1461 891 1518 Mecum

78 1545 186 1623 itaque
208 1543 247 1603 ad
268 1544 411 1622 oppidum
434 1545 619 1603 Lauriacum
638 1544 816 1621 congregati
838 1542 890 1602 de-

79 1627 252 1689 scendite.“
283 1630 372 1688 Haeo
386 1630 544 1688 homoDei
558 1629 666 1708 plenus
681 1630 796 1707 pietate
810 1648 890 1686 com·

78 1714 206 1772 monuit.
246 1713 310 1774 Sed
321 1715 490 1787 Batavinis‚
517 1714 652 1792 genitale
679 1714 777 1773 solum
798 1714 890 1772 relin-

80 1817 176 1877 quere
200 1796 422 1873 dubitantibus,
446 1801 489 1858 sic
513 1794 640 1858 adiecit:
663 1797 837 1876 „Quamvis
861 1807 892 1858 et

79 1881 158 1942 illud
174 1882 332 1962 oppidum,
349 1904 408 1963 quo
423 1885 592 1962 pergimus,
608 1884 767 1960 ingruente
782 1882 890 1943 barba·

80 1968 127 2026 rie
148 1968 188 2026 sit
207 1969 389 2050 quantocius
415 1968 664 2049 relinquendum,
690 1969 762 2026 hino
787 1975 890 2026 tamen

80 2072 162 2111 nunc
187 2053 301 2130 pariter
327 2053 550 2113 discedamus.“
585 2053 677 2111 Talia
699 2070 889 2110 commonen-

81 2146 143 2196 tem
158 2139 256 2196 secuti
272 2147 341 2197 sunt
356 2139 493 2217 plurimi,
515 2136 638 2217 quidam
651 2156 724 2195 vero
733 2132 758 2214 ⁷)
777 2137 891 2214 reperti

81 2230 154 2282 sunt
181 2231 388 2296 contumaces,
420 2243 478 2282 nee
510 2222 606 2281 defuit
634 2221 890 2298 contemptoribus

82 2305 203 2385 gladius
222 2307 347 2366 inimici.
384 2307 574 2385 Quicumque
593 2308 674 2365 enim
688 2305 800 2366 ibidem
819 2326 888 2365 con·

81 2401 129 2450 tra
144 2390 281 2450 homines
296 2393 357 2451 Dei
368 2387 563 2469 interdicta⁸)
579 2400 764 2463 manserunt,
779 2389 890 2450 Turin-

82 2477 130 2554 gis
145 2476 327 2536 irruentibus
341 2478 373 2535 in
390 2476 497 2536 eadem
517 2473 736 2553 bebdomada⁹)
755 2477 809 2535 alii
825 2474 889 2554 qui·

82 2611 273 2621 ....-—----—-

135 2675 160 2738 3)
176 2681 322 2741 praesentis
340 2693 377 2727 sc.
396 2677 451 2728 Dei
467 2679 499 2729 Β.

133 2745 160 2805 4)
177 2747 303 2808 imputetis
320 2746 352 2794 Β.

134 2811 160 2873 5)
179 2813 287 2862 scientes
304 2827 348 2862 uos
365 2814 415 2863 Dei
431 2829 496 2863 nunc
509 2813 642 2877 praesidio
661 2809 731 2876 legit
748 2811 779 2859 B.

134 2878 159 2938 6)
178 2881 281 2930 indutiis
299 2880 396 2930 scribit
413 2880 444 2930 Α.

134 2945 161 3012 7)
179 2952 279 3010 reperti
296 2963 347 2997 om.
366 2949 397 2998 Β.

134 3012 151 3063 8
178 3015 338 3065 interdictum
355 3014 386 3063 B.

134 3081 151 3131 9
179 3083 332 3133 hebdomade
349 3083 381 3132 B.
