2154 3678
525 254 734 314 ..34-

227 400 381 482 psallebat
397 421 435 460 ex
450 421 542 460 more.
565 399 671 461 Omnis
689 409 775 461 aetas
790 411 820 460 et
834 420 935 472 sexus,
960 422 1045 482 quae

229 489 320 544 etiam
342 505 416 545 voce
443 508 503 546 non
526 495 663 566 poterat,
686 505 810 564 precem
825 488 893 545 Deo
915 486 1045 546 fletibus

202 571 389 645 efferebat,
432 573 648 652 eleemosynae
678 571 745 630 fieri
774 591 835 629 non
865 571 1044 644 cessabant,

229 656 376 736 quidquid
397 656 542 716 bonorum
565 676 688 735 operum
708 675 855 735 praesens
869 658 1053 737 necessitas

228 742 390 819 exigebat,
415 742 493 800 sicut
509 742 571 800 Dei
593 741 724 800 famulus
745 749 963 819 praeceperat,
987 742 1044 799 im-

227 825 380 905 plebatur.
418 825 566 886 Omnibus
586 821 713 903 igitur⁷)
739 825 948 885 huiuscemodi
978 835 1043 885 stu·

227 911 287 971 diis
309 912 479 990 occupatis,
506 909 629 989 quidam
648 913 859 989 pauperrimus
881 904 956 988 dpus
978 912 1043 969 Dei

229 1007 368 1074 coeptum
389 996 549 1068 deserens,
575 993 615 1052 ad
635 1014 740 1071 agrum
762 996 903 1074 proprias
926 997 1043 1072 segetis

227 1079 380 1138 invisendi
388 1073 414 1156 ⁸)
432 1099 533 1151 causa,
550 1098 631 1157 quae
643 1099 798 1158 perparva
815 1081 894 1138 inter
911 1081 1041 1139 aliorum

226 1173 294 1225 sata
311 1162 442 1236 iacebat,
459 1183 601 1242 egressus
618 1172 674 1236 est,
691 1173 816 1243 totoque
824 1161 849 1242 9)
867 1165 978 1223 anxius
991 1164 1041 1223 die

226 1250 411 1308 locustarum
426 1248 539 1308 nubem
553 1247 780 1327 impendentem
797 1267 858 1328 qua
872 1251 974 1327 potuit
987 1270 1039 1308 ex-

226 1335 359 1393 turbavit
373 1333 537 1404 industria,
560 1351 691 1411 moxque
710 1327 889 1410 ecclesiam)
907 1353 1040 1392 commu·

225 1420 382 1479 nicatnrus
406 1420 544 1496 intravit3
567 1418 622 1477 sed
642 1427 777 1496 segetem
799 1421 863 1477 cius
886 1419 1039 1496 exiguam,

225 1504 326 1564 multis
346 1505 517 1564 vicinorum
545 1502 760 1562 circumdatam
781 1502 933 1581 frugibus,
955 1503 1038 1561 locu-

226 1598 340 1648 starum
356 1589 490 1648 densitas
506 1581 676 1648 devoravit.
706 1587 826 1666 Quibus
842 1607 879 1646 ea
894 1597 985 1646 nocte
1002 1589 1038 1646 ab

226 1673 288 1731 illis
304 1672 414 1732 finibus
428 1673 637 1731 exterminatis
646 1668 683 1749 ¹¹)
700 1674 827 1751 imperio
844 1671 959 1747 divino,
971 1693 1038 1751 pro·

228 1757 330 1815 batum
365 1766 426 1829 est,
461 1755 619 1837 quanti¹²)
651 1758 757 1816 valeat
794 1757 894 1816 fidelis
932 1761 1037 1816 oratio.

226 1837 364 1919 Mane¹³)
386 1842 499 1921 quippe
521 1843 619 1901 sancti
640 1844 742 1919 operis
762 1851 925 1901 temerator
946 1851 1037 1923 atque

227 1936 429 2005 contemptor,
454 1947 557 1986 rursus
575 1926 614 1986 ad
632 1945 735 2004 agrum
753 1947 838 1986 suum
853 1928 933 1986 male
951 1949 1038 1988 secu·

226 2033 277 2071 rus
295 2011 472 2089 egrediens,
494 2032 562 2072 eum
577 2013 761 2072 locustarum
780 2008 883 2088 sub¹⁴)
902 2015 1037 2091 pernicie

227 2097 363 2156 funditus
382 2099 499 2157 invenit
520 2097 678 2169 abrasum,
703 2104 734 2158 et
754 2099 885 2155 omnium
909 2097 1035 2156 circum·

226 2202 348 2262 quaque
364 2184 500 2242 sationes
513 2183 646 2260 integras
660 2183 857 2241 vehementer
873 2181 1035 2254 admirans,

280 2433 306 2492 7)
325 2448 386 2496 erpo
404 2434 436 2482 B.

277 2499 304 2563 8)
322 2503 467 2550 invisendae
485 2501 517 2552 B.
618 2551 619 2556 ,

271 2567 305 2632 ’9)
324 2575 427 2633 totaque
444 2569 477 2618 Β.

264 2635 305 2700 10)
324 2639 453 2687 ecclesiam
471 2637 502 2685 B.
538 2636 661 2700 Utraque
685 2636 768 2686 lectio
791 2637 918 2688 idoneum
937 2638 1034 2687 consti-

228 2706 282 2755 tuit
299 2719 416 2762 sensum,
436 2709 484 2754 aut
502 2704 573 2754 enirn
592 2703 625 2754 de
645 2705 835 2754 communione
853 2706 970 2769 mystica
989 2709 1034 2755 aut

229 2773 262 2822 da
281 2773 351 2823 reali
369 2774 492 2837 corporis
511 2771 613 2821 Christi
633 2772 750 2838 cogitari
768 2777 868 2838 potest.

265 2839 306 2902 ΙΙ)
324 2843 460 2890 exterritas
476 2840 508 2889 Β.

264 2907 306 2963 12)
325 2915 442 2973 quantum
459 2908 490 2957 Β.

264 2973 295 3025 13
313 2976 410 3025 Manna
427 2976 459 3026 A.

263 3043 305 3106 14)
322 3042 367 3092 suh
386 3025 436 3095 dm.
455 3045 487 3092 B.
