2154 3678
374 237 583 319 ...¹35..

66 382 111 442 ad
129 383 289 442 castellum
304 381 491 460 luctuosa¹⁵)
509 385 732 445 vociferatione
755 387 882 446 reverti·
955 399 959 409 ·

65 478 135 544 tur3
153 487 281 547 cumque
298 467 338 544 id,
354 469 435 549 quod
453 467 622 540 acciderat,
639 469 819 543 indicasset,
842 471 883 530 ad

66 553 282 612 huiuscemodi
298 553 465 613 videndum
480 555 580 612 cuncti
596 556 738 614 exierunt
752 557 881 615 miracu·

65 639 151 710 lum,
179 637 232 696 ubi
247 639 336 718 quasi
352 638 392 697 ad
411 639 524 697 lineam
540 639 711 716 regularem
727 649 882 699 contuma-

65 724 115 780 cis
131 723 261 786 hominis
279 731 415 800 segetem
437 725 622 782 locustarum
644 744 758 783 morsus
782 735 882 784 oeten·

66 806 189 866 derant.
222 807 310 866 Tunc
325 809 457 866 omnium
474 809 611 885 vestigiis
626 810 820 888 provolutus,
836 811 881 867 in-

64 891 306 951 tercessionibus
334 912 436 951 eorum
463 893 569 974 delicti
595 896 641 953 sui
668 895 788 954 veniam
814 893 883 952 fusa

64 977 288 1036 lamentatione
303 977 458 1055 poscebat.
492 977 538 1039 Ob
555 999 645 1058 quam
661 999 724 1038 rem
740 978 883 1038 monendi

65 1063 263 1122 occasionem
279 1062 369 1121 homo
384 1063 445 1122 Dei
465 1066 638 1142 reperiens,
663 1063 793 1124 docebat
814 1064 881 1121 uni·

63 1166 175 1206 versos
196 1157 229 1205 ut
255 1148 453 1224 omnipotenti
474 1149 605 1207 Domino
628 1149 781 1208 discerent
808 1148 879 1208 obe·

64 1232 152 1304 dire,
182 1232 267 1290 cuius
293 1233 426 1309 imperiis
449 1232 660 1310 obtemperant
682 1244 714 1293 et
733 1235 878 1293 locustae.

61 1318 273 1394 Paupervero
284 1315 460 1395 praedictus
472 1317 614 1376 flebiliter
620 1318 881 1396 allegabat,poese

62 1422 102 1462 se
122 1399 274 1460 mandatis
298 1400 421 1461 obedire
445 1401 483 1460 de
506 1411 624 1475 cetero,
646 1404 672 1460 si
693 1403 758 1460 ulla
773 1401 831 1461 sibi
841 1397 881 1474 16)

64 1506 151 1564 spes,
169 1505 230 1564 qua
248 1487 377 1558 viveret,
394 1486 452 1546 eibi
469 1488 675 1546 remansisset.
705 1487 793 1544 Tunc
809 1506 882 1562 ergo

64 1572 116 1630 vir
132 1571 194 1628 Dei
210 1581 328 1629 ceteros
345 1571 511 1630 allocutae:
535 1569 672 1643 „Iustum
690 1581 751 1646 est,
772 1572 880 1650 inquit.

63 1665 102 1716 ut
129 1656 182 1734 qui
210 1658 333 1735 proprio
359 1656 510 1735 supplicio
535 1657 714 1715 humilitatis
736 1654 823 1715 vobis
851 1669 889 1720 et.

64 1739 264 1800 obedientiae
280 1739 365 1800 dedit
380 1742 563 1821 exemplum,
580 1741 765 1801 liberalitate
778 1750 881 1801 vestra

64 1826 142 1886 anni
156 1826 328 1904 praesentis
341 1826 487 1884 alimenta
502 1827 683 1905 percipiat-‘⁴
707 1825 880 1886 Collatione

63 1915 173 1989 itaque
189 1907 325 1969 fidelium
344 1906 422 1981 et¹⁷)
443 1921 599 1990 correptus
616 1912 704 1971 homo
721 1912 881 1989 pauperri-

62 2015 136 2056 mus
153 2004 185 2053 et
199 1993 327 2068 ditatus,
349 1994 471 2068 didicit,
494 2006 639 2075 quantum
662 1995 814 2073 dispendii
835 1995 881 2053 in·

68 2078 240 2140 credulitas
256 2079 382 2152 inferat,
410 2089 555 2160 quantum
566 2077 605 2157 ¹⁸)
620 2079 764 2139 beneficii
779 2080 826 2138 sui
836 2074 880 2156 19)

64 2163 237 2224 cultoribus
251 2165 388 2224 conserat
403 2161 557 2242 divina²⁰)
571 2164 702 2241 largitio.

131 2248 224 2308 XIII.
255 2249 335 2308 Item
360 2251 446 2308 iuxta
472 2249 613 2329 oppidum
643 2249 722 2328 quod
747 2245 879 2329 Iuvao¹)

64 2333 284 2414 appellabatur
291 2328 333 2412 ²),
357 2353 423 2394 cnm
442 2333 574 2415 quadam
592 2335 642 2394 die
664 2335 813 2396 intrantes
826 2335 880 2394 ba·

103 2552 147 2616 15)
165 2557 304 2603 lamentosa
320 2553 351 2604 B.

102 2619 333 2684 fflffimss

103 2687 313 2754 mmmss

103 2755 147 2818 18)
167 2763 332 2824 quantumque
350 2755 382 2806 B.

103 2824 147 2884 19)
165 2830 218 2873 suis
235 2825 266 2874 B.

102 2890 147 2955 20)
166 2893 252 2941 divim
268 2893 386 2954 conferat
404 2892 560 2956 transponit
576 2891 608 2940 B.
682 2891 685 2902 '

123 2959 149 3021 1)
168 2959 234 3009 Iuba
251 2959 282 3008 B.
301 2959 396 3010 Iuvaoo
408 2959 473 3008 Pez.

120 3026 149 3092 2)
167 3041 300 3092 praesens
317 3027 413 3078 histor.
431 3029 577 3091 appellatur
592 3025 624 3075 B.

683 3088 727 3160 3*
