2154 3678
512 253 722 314 ..26-

212 401 364 462 bricandis
372 398 396 478 9)
405 400 561 478 regalibus
573 401 757 470 ornamentis
770 400 922 460 clauserat
935 411 1020 460 arcta

213 486 359 546 custodia.
402 487 452 544 Ad
471 485 526 544 hos
546 486 626 545 filius
641 485 796 544 memorati
813 487 892 562 regis
917 486 1020 546 admo·

212 572 282 630 dum
301 571 464 650 parvulus,
486 572 607 630 nomine
622 568 813 643 Frideticus,
838 570 947 629 eodem
971 571 1020 630 dic

212 677 272 736 quo
293 657 401 733 regina
421 675 541 715 servum
556 656 617 714 Dei
643 663 881 731 contempserat,
906 656 1020 733 puerili

211 749 295 800 motu
314 743 449 800 concitus
471 741 614 799 introivit.
647 739 735 798 Tunc
757 739 898 800 aurifices
919 741 1019 799 infan-

211 827 250 886 tis
274 827 392 905 pectori
413 824 547 902 gladium
566 821 741 904 posuere¹⁰)
761 824 914 897 dicentes,
941 824 1020 904 quod

212 913 238 970 si
261 911 327 989 quis
348 909 387 968 ad
413 929 464 968 eos
488 909 603 988 absque
631 908 792 968 iuramenti
814 906 1018 988 praesidio¹¹l

211 993 332 1072 ingredi
358 1001 531 1066 conaretur,
557 993 716 1072 parvulum
742 995 859 1070 regium
880 996 1019 1071 primitus

213 1078 426 1154 transfigentes
435 1073 472 1156 12)
493 1079 671 1158 semetipsos
689 1087 797 1156 postea
813 1078 1017 1153 trucidarent;
1053 1095 1054 1144 ζ

212 1163 324 1243 quippe
348 1182 416 1220 cum
438 1162 495 1221 sibi
519 1161 634 1221 nullam
650 1158 781 1241 spem13)
798 1165 1018 1241 promitterent,
1053 1155 1054 1216 l

211 1247 357 1306 macerati
379 1246 526 1306 diuturnis
549 1248 717 1323 ergastulis.
758 1247 816 1306 His
841 1247 953 1307 auditis
974 1268 1017 1306 rc·

213 1333 284 1410 gina
315 1331 445 1390 crudelis
471 1341 503 1392 et
523 1333 630 1410 impia,
658 1330 794 1391 vestibus
821 1331 926 1391 dolore
950 1353 1018 1392 cou-

212 1417 333 1489 scissiS,
358 1415 435 1476 talia
455 1411 693 1493 clamitabat¹4):
722 1415 776 1489 „0
803 1414 1017 1493 serve¹⁵)rDo·

212 1503 299 1574 mini,
316 1498 488 1574 Severine,
502 1503 547 1561 sic
557 1497 593 1580 16)
611 1523 629 1562 a
645 1503 713 1560 Deo
729 1510 780 1560 tuo
797 1501 901 1561 illatae
919 1501 1017 1561 vindi-

213 1582 406 1662 cabuntur¹⁷)
421 1587 571 1645 iniuriae?
599 1588 689 1646 Hanc
704 1587 763 1644 mei
779 1594 971 1666 contemptus
981 1583 1016 1662 18)

212 1671 357 1729 ultionem
375 1672 478 1729 effusis
491 1672 633 1748 precibus
648 1671 823 1764 postulasti,
846 1681 880 1730 ut
900 1674 932 1730 in
952 1691 1018 1730 mea

211 1756 331 1813 viscera
348 1754 567 1814 vindicares?“
596 1757 704 1836 ltaque
725 1754 886 1833 multiplici
908 1758 1017 1816 contri·
1053 1743 1054 1838 )

211 1839 294 1897 tione
309 1858 345 1896 ac
360 1839 527 1898 miserabili
542 1840 761 1900 lamentatione
782 1839 956 1900 discurrens
975 1841 1017 1899 fa·

213 1923 333 1982 tebatnr
344 1943 377 1982 se
393 1944 449 2001 pro
461 1925 581 1984 scelere
596 1933 794 2003 contemptus,
812 1925 894 2004 quod
910 1926 942 1982 in
959 1946 1017 1984 ser·

211 2029 281 2068 vum
296 2009 357 2068 Dei
371 2011 569 2083 commiserat,
588 2011 700 2090 plagae
717 2009 887 2089 praesentis
902 2009 1018 2069 ultione

260 2227 287 2290 9)
306 2229 423 2277 Dativus
442 2228 582 2289 commodi,
602 2228 666 2276 hinc
679 2227 847 2292 praepositio
857 2244 916 2291 pro,
937 2241 1018 2293 quarn

213 2293 273 2344 add.
295 2294 359 2343 Cod.
377 2295 409 2343 B.
429 2311 484 2345 non
502 2302 544 2345 cot
562 2295 730 2346 necessaria.

246 2360 288 2426 10)
305 2366 447 2425 imposuere
464 2364 495 2410 B.

246 2428 287 2490 ll)
303 2431 425 2492 praefluo
442 2429 473 2477 B.

246 2495 286 2558 1⁸2)
305 2499 487 2559 transfiperent
503 2501 528 2544 et
546 2495 577 2544 Β.

246 2563 287 2627 13)
305 2566 371 2613 citae
392 2563 452 2611 add.
471 2563 503 2611 B.

246 2631 287 2693 14)
306 2631 429 2680 etanrabat
446 2630 477 2678 B.
523 2659 526 2667 ·

245 2698 286 2760 15)
304 2701 372 2748 servi
388 2697 481 2762 lapsus
500 2696 601 2746 calami
620 2698 649 2746 in
667 2696 732 2748 cod.
752 2698 784 2748 A.

245 2765 287 2828 16)
305 2768 341 2816 sic
360 2765 424 2815 Cod.
443 2765 489 2826 B.;
507 2767 572 2814 sicut
590 2765 656 2814 Cod.
676 2766 704 2816 Α.
725 2767 795 2830 quod
813 2783 868 2816 non
886 2770 1015 2817 convenit

210 2833 395 2897 sequentibus.
419 2833 566 2883 Baronius:
585 2834 609 2882 ai
624 2835 661 2882 sic
679 2835 798 2884 illatura
813 2836 867 2885 Deo
886 2835 1016 2886 uindican-

211 2909 252 2949 tur
269 2903 395 2950 iniuriae?

246 2968 286 3026 17)
304 2971 463 3018 vindicantur
480 2968 512 3018 B.

246 3033 287 3099 18)
306 3037 419 3086 obtectus
437 3037 468 3085 B.
