2154 3678
516 205 705 264 -2-

272 350 361 427 Quae
394 373 460 410 cum
494 362 598 412 auctor
630 349 826 430 Epistolae4)
860 353 1019 426 rescisset,

206 438 304 495 animo
321 439 503 516 promptiore
518 437 688 507 mandavit,
713 446 746 495 ut
767 438 870 516 aliqua
887 436 944 496 sibi
960 458 1021 517 per

205 542 253 580 me
283 521 421 581 eiusdem
448 523 480 582 S.
504 519 645 581 Severini
673 523 863 580 mitterentur
892 522 1019 595 indicia,

207 605 316 686 quibus
331 607 497 678 instructus
512 607 651 680 libellum
673 609 755 665 vitae
780 609 844 665 eius
866 604 1019 679 ederet⁵)‚

206 693 408 769 posteriorum
420 687 445 769 6)
477 693 639 750 memoriae
668 691 866 770 profuturum.
906 691 976 748 Hae
988 687 1019 767 ⁷)

208 795 279 852 ergo
297 779 434 855 protinus
451 776 605 835 oblatione
623 776 804 854 compulsus,
831 775 1019 836 Commemo-

207 863 351 919 ratorium
372 861 527 919 nonnullis
548 861 693 919 refertum
714 861 835 920 indiciis
862 859 902 919 ex
922 861 1019 918 notis-

139 1005 142 1010 ,
207 946 283 1003 sima
311 945 399 1003 nobis
427 954 458 1003 et
483 944 662 1022 quotidiana
694 947 838 1003 maiorum
867 945 1019 1003 relatione

209 1031 377 1108 composui,
401 1050 460 1087 non
478 1031 544 1088 sins
562 1049 672 1106 magno
694 1049 830 1089 moerore
848 1030 955 1100 animi,
971 1031 1018 1087 in-

206 1115 319 1172 iustum
345 1114 464 1172 scilicet
484 1123 645 1192 reputans,
670 1122 704 1172 ut
723 1122 755 1173 te
777 1115 940 1192 superstite
960 1114 1018 1172 lai·

209 1219 296 1257 cusa
310 1199 469 1258 nobishoc
490 1218 565 1277 opus
589 1207 747 1276 rogaretur
769 1195 944 1276 efficere⁸):
970 1199 1020 1256 cui

209 1292 239 1342 et
261 1283 366 1342 modus
394 1293 424 1341 et
451 1284 534 1342 color
561 1285 659 1361 operis
686 1304 746 1342 non
772 1285 838 1342 sine
863 1303 1018 1361 praesum-

208 1370 311 1447 ptione
329 1369 461 1449 quadam
475 1369 570 1447 possit
584 1370 718 1446 iniungi,
734 1388 773 1426 ne
789 1369 917 1427 forsitan
936 1387 1020 1426 seeu-

207 1453 264 1512 lari
289 1462 405 1513 tantum
425 1454 595 1512 litterature
621 1454 749 1532 politus,
775 1453 830 1511 tali
845 1453 938 1511 vitam
956 1471 1019 1511 ser-

207 1559 296 1597 mone
321 1538 542 1610 conscriberet,
563 1541 669 1618 inquo
686 1539 843 1596 multorum
858 1539 1020 1615 plurimum

208 1623 362 1681 laboraret
377 1624 513 1692 inscitia,
550 1633 581 1682 et
602 1644 651 1681 res
672 1622 842 1694 mirabiles,
865 1643 944 1701 quae
967 1621 1020 1680 diu

210 1707 340 1787 quadam
356 1707 469 1766 silentii
480 1705 506 1784 9)
522 1715 611 1765 noete
635 1709 797 1778 latuerant,
820 1715 964 1786 quantum
981 1705 1021 1764 ad

209 1812 265 1850 nos
294 1793 404 1849 attinet
431 1791 552 1867 ignaros
567 1787 607 1867 ¹⁰)
639 1791 812 1851 liberalium
842 1791 1020 1863 litterarum,

211 1875 340 1935 obseura
366 1875 594 1935 dissertitudine
617 1896 677 1934 non
699 1876 847 1936 lucerent.
883 1876 945 1935 Sed
966 1896 1020 1934 ne·

211 1981 363 2041 quaquam
372 1957 411 2038 ¹¹)
428 1961 509 2020 ultra
521 1963 665 2020 lucernae
684 1962 767 2020 illius
782 1962 966 2039 igniculum,
989 1969 1021 2020 te

211 2046 295 2106 velut
318 2046 381 2106 sole
404 2045 603 2124 splendente,
630 2049 818 2125 perquiram,
846 2055 961 2104 tantum
981 2064 1021 2104 ne

305 2247 444 2312 praefatae
463 2247 526 2298 add.
544 2248 575 2297 B.

307 2331 355 2380 pro
374 2317 463 2365 ederet
481 2315 593 2364 exhibet
611 2315 643 2364 B.
662 2316 795 2365 scriberet.

304 2389 466 2446 posterorum
483 2383 516 2430 Β.

267 2449 292 2510 7)
311 2450 439 2499 mendose
459 2449 525 2499 Ood.
544 2450 576 2499 A.
594 2451 666 2506 tuto·
696 2466 779 2515 quare
804 2451 833 2500 in
856 2455 959 2500 textum
982 2450 1023 2500 le·

212 2517 332 2566 ctionem
351 2516 417 2566 Ood.
436 2518 467 2568 B.
487 2517 590 2582 recepi.
607 2549 610 2557 ι

264 2584 290 2714 ἓξ
308 2589 475 2634 transmutat
484 2585 569 2635 verba
579 2584 648 2634 haee
657 2592 795 2651 roporetur
804 2585 1021 2649 efficereOodAE.

309 2655 395 2703 silenti
411 2653 443 2700 B.

249 2719 290 2783 10)
308 2721 353 2770 Ita
377 2719 443 2769 Cod.
462 2720 494 2769 B.
519 2720 662 2784 coniungit
683 2719 810 2770 voculam
832 2722 937 2782 ipnaros
961 2735 1023 2769 eum

215 2788 392 2853 praecedenti
415 2804 469 2838 nos.
506 2787 647 2852 Scriptura
671 2792 762 2837 autem
781 2786 846 2836 cod.
868 2789 900 2836 B.
925 2789 1023 2852 torreris

214 2855 368 2906 huiusmodi
392 2861 445 2912 est,
469 2859 499 2904 ut
521 2856 633 2906 verbum
655 2855 724 2905 illud
742 2856 896 2921 dependere
920 2856 957 2904 sit
981 2855 1022 2904 di·

216 2923 330 2974 cendum
349 2939 365 2972 a
383 2922 508 2987 sequenti
525 2928 647 2975 lucerent.

252 2990 292 3053 11)
312 3007 361 3041 non
378 2991 409 3039 B.
