2154 3678
445 260 716 352 fas·—

209 429 309 468 rorum
331 407 443 466 ditione
464 417 593 467 vexatos
621 409 772 485 genuinae
798 408 964 466 restituere
988 409 1021 466 li-

209 493 328 562 bertati.
369 493 493 551 Interea
515 492 634 552 cuidam
660 512 726 550 cum
749 493 877 568 coniuge
900 491 1021 550 liberis·

167 643 175 650 ,
210 596 269 655 que
300 575 469 656 redempto,
495 578 654 656 praecepit
680 575 879 635 transvadere
910 577 1022 635 Danu-

209 663 300 733 bium,
316 671 351 719 ut
364 661 515 720 hominem
530 663 664 738 ignotum
679 662 711 719 in
730 660 874 720 nundinis
890 681 1021 740 quaere·

210 756 258 805 ret
271 744 479 819 barbarorum,
497 765 585 824 quem
600 748 632 805 in
645 755 762 804 tantum
778 746 883 804 divina
898 747 1021 804 revela·

209 833 293 891 tione
310 829 473 901 didicerat,
495 839 529 888 ut
543 833 634 889 etiarn
650 832 737 907 signa
752 838 902 902 staturae,
926 831 1021 908 capil-

210 917 368 994 lorumque
390 916 535 987 colorem,
559 915 659 974 vultus
680 917 746 974 eius
769 935 804 973 ac
821 915 915 973 vestis
934 915 1020 972 habi-

209 1011 256 1060 tus
273 1000 439 1071 indicaret,
462 1000 542 1056 etin
563 1020 624 1078 qua
637 1008 724 1078 parte
745 999 950 1059 nundinarum
973 1019 1020 1058 re·

209 1093 349 1163 perturus
366 1103 433 1142 cum
450 1083 528 1142 foret
540 1084 723 1156 ostenderet,
740 1083 867 1155 addens,
883 1092 916 1142 ut
932 1083 1019 1162 quid-

208 1167 283 1248 quid
303 1177 426 1246 rcperta
447 1169 476 1226 ei
493 1166 609 1227 diceret
629 1188 774 1247 persona,
795 1189 937 1228 reversus
963 1168 1020 1228 sibi

209 1253 353 1311 maturius
374 1254 534 1311 intimaret.
567 1253 728 1312 Profectus
751 1255 869 1332 itaque,
899 1262 1018 1327 cuncta,
1053 1247 1054 1296 l

209 1337 286 1398 sicut
306 1338 352 1396 vir
367 1338 429 1397 Dei
451 1337 661 1416 praedixerat,
683 1339 807 1398 miratus
828 1339 956 1397 invenit.
990 1338 1018 1395 Is

209 1417 333 1500 igitur²)
353 1422 391 1480 ab
413 1423 517 1481 codem
538 1423 674 1496 homine,
697 1443 787 1502 quam
807 1423 961 1500 reperisse
986 1441 1017 1481 se

209 1507 373 1566 mirabatur
385 1509 586 1584 interrogatus
599 1507 715 1566 audivit
727 1501 926 1584 dicentem3):
940 1507 1017 1580 „Pu-

209 1599 296 1650 tasne
313 1612 434 1670 possum
448 1593 587 1651 invenire
601 1593 760 1666 hominem,
783 1593 836 1673 qui
850 1611 898 1649 mc
918 1591 960 1650 ad
976 1593 1016 1649 vi·
1053 1635 1054 1640 κ

210 1696 276 1734 rum
295 1677 371 1747 Dei,
397 1677 482 1734 cuius
502 1677 615 1755 ubique
638 1676 720 1736 fama
741 1675 936 1750 diffunditur,
961 1695 1019 1756 qua

210 1759 341 1818 voluerit
355 1759 496 1818 mercede
508 1760 677 1838 perducat?
698 1763 762 1821 Diu
776 1769 824 1820 est
839 1761 920 1818 enim
939 1759 1017 1840 quod

210 1845 293 1922 ipsos
310 1852 432 1903 sanctos
448 1845 617 1924 Martyres,
641 1866 766 1924 quorum
781 1845 927 1924 reliquias
944 1847 1016 1914 fero,

210 1929 390 2008 suppliciter
420 1930 598 2008 interpello,
627 1939 662 1989 ut
686 1927 743 2007 a4)
770 1931 825 1988 tali
850 1930 1016 1988 ministerio

209 2013 332 2072 tandem
347 2012 511 2093 aliquando
527 2015 629 2074 solvar
644 2014 803 2092 indignus,
823 2013 906 2102 quod
921 2035 1017 2095 usquo

209 2119 290 2157 nunc
314 2100 476 2158 temeraria
501 2100 763 2177 praesumptione,
792 2099 847 2158 sed
872 2099 1017 2176 religiosa

210 2185 394 2243 necessitate
421 2185 581 2242 sustinui.“
626 2185 715 2243 Tunc
740 2185 863 2243 nuntius
887 2184 1016 2244 hominis

210 2267 272 2324 Dei
294 2268 358 2326 eius
379 2265 445 2343 sel)
470 2268 643 2346 aspectibus
658 2270 876 2349 praesentavit,
893 2271 946 2347 qui
965 2269 1015 2329 de-

210 2349 273 2408 bito
295 2360 466 2410 sanctorum
490 2352 632 2411 Gervasii
655 2363 686 2412 et
700 2354 834 2413 Protasii
849 2355 1016 2433 Martyrum

210 2433 356 2512 reliquias
371 2436 490 2494 honore·
500 2438 684 2516 suscipiens,
710 2439 741 2497 in
761 2437 903 2512 basilica,
927 2459 1015 2518 quam

210 2519 241 2576 in
267 2523 450 2578 monasterio
478 2529 702 2594 construxerat,
730 2523 892 2582 collocavit
917 2523 1015 2582 officio
1053 2557 1054 2572 κ

260 2769 286 2900 {l
305 2770 469 2900 diddntlell„
489 2839 581 2889 eodem
600 2841 672 2902 iure,
692 2842 838 2892 referenda
857 2841 928 2908 enirn
945 2841 1015 2892 haec

208 2905 315 3034 varneri
333 2907 543 3022 praecfidentem
562 2907 713 2960 ablativum
731 2913 824 2963 eodem.

306 2989 322 3021 a
341 2989 391 3025 om.
437 3011 442 3022 .

259 3038 285 3101 5)
304 3039 365 3090 loco
382 3057 410 3090 se
428 3041 513 3090 habet
530 3044 595 3091 illum
612 3041 644 3091 B.
