2154 3678
486 239 697 298 -54-

187 387 257 447 dem
271 384 422 459 trucidati,
440 386 493 444 alii
507 387 539 444 in
555 388 765 464 captivitatem
778 385 910 459 deducti,
924 408 1000 467 poe·

186 492 241 532 nas
261 470 374 530 dedere
390 466 631 551 contemptuiffl).

249 556 405 614 XXVIII.
435 556 533 632 Igitur
555 565 623 634 post
644 555 797 614 excidium
818 556 1000 636 oppidorum

186 641 218 699 in
236 642 422 720 superiorem
438 637 592 719 partem1)
609 640 753 710 Danubii,
772 661 891 700 omnem
903 662 999 720 popu-

187 725 249 785 lum
275 727 308 784 in
331 726 514 784 Lauriacum
543 724 687 806 oppidum
720 727 999 803 transmigrantem,

187 813 239 890 qui
264 811 299 868 B.
326 811 468 871 Severini
492 813 613 869 monitis
639 806 833 890 paruerat²)‚
864 812 999 870 assiduis

185 890 387 971 hortatibus3)
418 895 648 974 praestruebat,
679 917 717 954 ne
744 896 776 953 in
803 914 859 953 sua
883 897 1000 954 virtute

187 978 388 1051 confiderent,
419 978 473 1037 sed
501 979 688 1038 orationibus
711 988 741 1038 et
761 980 881 1038 ieiuniis
905 990 1000 1060 atque

187 1063 394 1140 eleemosynis
409 1063 602 1137 insistentes,
626 1065 716 1122 armis
731 1065 834 1143 potius
855 1066 999 1143 spiritua·
1067 1087 1068 1160 p

185 1147 266 1207 libus
288 1149 486 1206 munirentur.
521 1149 689 1208 Praeterea
711 1151 759 1207 vir
778 1150 840 1208 Dei
863 1149 999 1229 quadam

187 1232 237 1292 die
261 1240 384 1291 cunctos
410 1252 563 1311 pauperes
593 1235 624 1292 in
647 1253 709 1292 una
733 1235 864 1293 basilica
890 1236 1001 1293 statuit

188 1319 377 1395 congregari,
393 1318 495 1377 oleum
509 1328 598 1397 prout
613 1319 760 1398 poscebat
774 1321 853 1377 ratio
869 1319 999 1397 largitu·

186 1424 254 1480 rua;
278 1422 367 1481 quam
385 1404 518 1482 speciem
540 1404 572 1462 in
594 1404 656 1462 illis
680 1403 755 1462 locis
777 1401 998 1481 difficillima4)
1067 1431 1068 1496 q

186 1489 410 1565 negotiatorum
429 1496 545 1546 tantum
562 1488 721 1548 deferebat
738 1489 857 1546 evectio
866 1486 903 1566 5).
934 1489 998 1566 Igi-

187 1581 236 1632 tur
250 1581 404 1652 tamquam
420 1571 645 1632 benedictionis
662 1572 862 1650 acoipiendae
878 1576 1000 1650 gratiae

186 1658 281 1716 maior
318 1675 479 1732 egenorum
511 1657 601 1715 turba
633 1658 791 1729 confluxit,
829 1659 1001 1736 pretiosum

187 1743 301 1821 quippe
319 1739 399 1798 idem
417 1737 576 1819 liguoris⁶)
594 1737 810 1819 clementum⁷)
827 1744 916 1801 auxit
936 1752 1000 1802 tur-

185 1827 256 1885 bam
270 1844 487 1904 numerumque
502 1829 700 1904 posoentium.
721 1828 810 1885 Tunc
825 1824 907 1905 vir8)
925 1827 1001 1887 bea·
1067 1845 1068 1850 ’

188 1922 236 1971 tus
268 1909 402 1968 oratione
435 1910 598 1990 completa,
633 1911 782 1991 signoque
815 1914 911 1972 crucis
945 1933 1001 1972 ex-

185 2015 309 2076 presso,
333 1995 455 2054 solitum
475 1996 533 2054 sibi
556 1997 723 2075 scripturae
739 1990 863 2056 sanctae
884 2017 1000 2056 sermo-

186 2101 258 2140 nem
274 2081 390 2140 ounctis
416 2079 610 2140 audientibus
635 2083 808 2158 exprimens
830 2082 894 2142 ait:
924 2081 1001 2156 „Sit

186 2185 297 2224 nomen
306 2165 430 2224 Domini
441 2164 665 2225 benedictum.“
682 2167 771 2224 Tunc
784 2167 884 2245 eoepit
895 2167 1000 2228 oleum

111 2329 115 2338 ,
186 2250 311 2330 propria
336 2268 426 2308 manu
451 2251 598 2310 ministris
634 2250 763 2328 implere
795 2253 1000 2329 portantibus,
1045 2293 1047 2300 ·

222 2481 263 2545 10)
283 2488 437 2546 contemptus
454 2481 486 2532 Β.

238 2551 263 2612 1)
282 2552 415 2614 superiore
432 2557 508 2614 parte
527 2551 557 2600 B.

238 2617 264 2681 2)
280 2625 425 2682 paruerant
441 2619 473 2668 B.

237 2684 264 2748 3)
282 2686 466 2736 hortationibus
483 2687 515 2736 B.

237 2753 263 2816 4)
282 2755 443 2817 dificilltmam
459 2754 491 2803 Β.

238 2821 264 2882 5)
283 2823 396 2871 advectio
414 2823 446 2871 Β.

238 2887 265 2954 6)
282 2889 374 2939 ibidem
390 2889 462 2938 leuius
479 2891 584 2954 liquoris
601 2890 633 2939 B.

240 2957 266 3019 7)
285 2958 425 3006 alimentum
441 2956 474 3006 B.
