2154 3678
378 229 585 291 -73-

73 387 143 436 tena
161 395 217 434 vos
234 375 273 434 ad
291 376 432 454 exempla
447 379 605 450 maiorum,
624 399 751 457 quorum
766 381 885 439 intuen-

73 471 121 521 tes
151 461 266 519 exitum
306 463 563 536 conversationis,
594 465 754 528 imitamini
785 464 885 524 fidem.

74 545 231 605 Abraham
249 565 379 626 namque
396 555 521 606 vocatus
539 567 557 605 a
572 549 719 620 Domino,
735 547 794 608 fide
812 548 884 608 obe·

75 631 153 690 divit
173 639 208 688 ut
228 632 326 689 exiret
342 633 372 690 in
388 631 487 690 locum
511 652 600 711 quem
623 642 802 713 accepturus
820 642 886 692 erat

74 717 106 774 in
124 717 360 795 possessionem,
377 715 413 774 et¹
422 715 497 775 exiit
511 718 653 776 nesciens
669 738 728 797 quo
741 727 885 778 venturus

75 811 168 860 esset.
202 799 301 859 Huius
316 801 409 876 igitur
425 800 507 859 beati
521 803 714 880 patriarchae
730 801 888 861 imitamini

75 884 177 957 fidem,
196 885 355 944 imitamini
370 885 573 960 sanctitatem,
590 897 713 946 terrena
726 886 885 966 despicite,

76 969 241 1029 coelestem
263 990 382 1048 semper
400 971 555 1050 inquirite.
584 970 710 1031 Confido
733 979 834 1030 autem
854 971 886 1029 in

74 1055 220 1126 Domino,
237 1053 317 1134 quod
333 1055 406 1114 mihi
422 1055 460 1114 de
476 1055 563 1116 vobis
580 1066 705 1117 aeterna
721 1057 806 1116 lucra
818 1077 886 1136 pro·

8 1183 9 1200 r
75 1139 212 1199 venient.
244 1138 343 1199 Video
369 1141 449 1198 enim
472 1161 527 1201 vos
548 1141 693 1218 gaudium
710 1162 810 1202 meum
826 1141 885 1200 ser-

74 1243 149 1283 vore
165 1224 289 1303 spiritus
302 1224 474 1304 ampliasse,
492 1245 593 1285 amare
607 1227 763 1298 iustitiam,
780 1227 886 1285 frater-

75 1328 134 1368 nae
151 1309 287 1367 caritatis
307 1309 432 1368 vincula
450 1308 589 1387 diligere,
614 1305 747 1370 castitati
764 1331 887 1389 operam

77 1393 161 1466 dare,
177 1393 356 1452 humilitatis
369 1393 508 1472 regulam
520 1395 687 1472 custodire3
703 1395 780 1454 haec
793 1414 887 1475 quan-

74 1489 138 1536 tum
154 1477 194 1536 ad
214 1479 342 1537 hominis
365 1487 484 1557 spectat
501 1480 656 1552 intuitum,
678 1479 770 1538 laudo
796 1479 887 1538 confi-

76 1563 186 1622 denter
203 1573 233 1622 et
248 1562 392 1643 approbo.
420 1562 484 1622 Sed
501 1573 594 1633 orate,
609 1572 643 1624 ut
657 1583 737 1643 quae
749 1565 887 1624 humanis

8 1689 9 1692 η
76 1647 252 1726 aspectibus
286 1648 378 1725 digna
406 1656 489 1719 sunt,
522 1658 667 1709 aeternae
697 1648 887 1708 discretionis

77 1733 304 1792 examinatione
314 1728 340 1807 2)
356 1734 528 1806 firmentur,
545 1736 617 1814 quie
633 1754 695 1793 non
709 1733 787 1794 sicut
803 1733 889 1794 videt

75 1817 164 1876 homo
180 1816 267 1876 videt
281 1819 376 1876 Deus.
409 1818 468 1878 Ille
486 1819 651 1898 siquidem,
673 1820 751 1879 sicut
767 1819 888 1879 divinus

9 1963 10 1970 ,
76 1921 177 1961 sermo
194 1901 310 1961 denunt
312 1902 355 1960 iat
363 1900 551 1981 ,omnium³)
567 1903 659 1964 corda
677 1913 840 1976 scrutatur,
859 1912 889 1964 et

9 1981 10 1988 ¹
76 2007 182 2046 omnes
190 1981 216 2061 4)
239 1987 383 2046 mentium
415 1985 693 2067 [cogitationes]⁵)
721 1991 888 2049 antevenit.

76 2071 220 2132 Assiduis
237 2089 307 2148 ergo
322 2073 465 2150 precibus
480 2073 538 2132 hoc
552 2082 673 2150 sperate
682 2069 717 2149 4)
734 2081 767 2131 ut
785 2073 889 2134 oculos

77 2157 179 2216 cordia
198 2157 293 2216 vestri
308 2158 393 2216 Deus
407 2156 574 2234 illuminet,
592 2159 670 2216 sicut
685 2154 835 2235 optavit⁷)
852 2159 888 2219 Β.

76 2241 234 2312 Heliseus,
248 2242 376 2320 aperiat,
390 2261 449 2321 quo
463 2243 587 2320 possitis
597 2261 763 2319 agnoscere
775 2252 890 2322 quanta

76 2348 134 2386 nos
151 2327 349 2385 circumstent
363 2326 539 2385 adiumenta
554 2326 748 2400 Sanctorum,
775 2338 890 2406 quanta

77 2411 221 2470 fidelibus
243 2410 361 2470 auxilia
376 2420 614 2491 praeparentur3
637 2412 724 2472 Deus
743 2415 822 2472 enim
837 2434 888 2471 no-

175 2595 290 2646 examine
302 2595 335 2645 Β.

128 2593 156 2658 ²)

129 2679 160 2742 3)

128 2762 159 2827 4)
178 2765 282 2813 omnium
294 2715 324 2813 Β.

129 2847 159 2910 5)
177 2850 343 2981 copitattlpnes
360 2847 445 2898 habet
462 2847 495 2902 Β.

130 2930 159 2996 6)

130 3015 159 3079 7)
