2154 3678
384 266 591 328 w-37-

78 435 172 475 suere
187 414 361 492 languentis
372 411 410 492 2).
440 413 557 474 Videns
574 415 677 494 itaque
686 411 712 493 ³)
727 415 817 475 homo
830 415 894 475 Dei

79 501 219 559 clausurn
236 498 351 558 aditum
371 499 562 578 oppositione
578 499 695 573 lectuli,
711 501 754 559 ait
769 501 808 559 ad
824 518 892 560 eos:

79 583 260 662 „Quidnam
281 594 327 666 esp
344 583 425 663 quod
441 584 545 643 facere
559 585 698 644 voluistis
706 583 742 642 Β*
756 585 892 664 Respon-

78 671 209 730 derunt:
233 669 304 743 „Ut
321 669 457 728 oratioue
480 678 533 727 tua
552 670 635 727 vitae
656 668 802 730 reddatur
819 690 891 730 exa-

75 755 202 814 nimis.“
231 756 319 812 Tunc
331 751 588 832 lacrymabundus
596 747 638 830 4)ε
657 752 769 831 „Quid
785 755 893 835 inquit,

77 860 99 898 a
114 859 213 918 parvo
229 857 339 915 magna
356 837 545 917 deposcitis?
563 858 695 915 agnosco
711 834 793 916 mel)
808 860 892 918 pror·

76 945 132 984 sus
153 924 324 1002 indignum,
345 925 461 982 utinam
475 943 595 982 merear
611 924 734 982 veniam
747 943 802 1001 pro
818 925 893 983 meis

75 1010 222 1068 invenire
236 1009 406 1087 peccatis.“
436 1008 477 1066 Et
493 1009 555 1067 illi:
578 1007 775 1082 „Oredimus,
793 1009 891 1087 inqui-

75 1104 153 1160 unt,
177 1093 259 1172 quod
283 1093 308 1150 si
329 1113 384 1172 pro
400 1087 470 1170 eal)
487 1094 640 1165 oraveris,
661 1089 893 1170 1·eviviscet⁷).“

74 1181 171 1238 Tune
187 1178 217 1237 S.
237 1177 403 1237 Severinus
420 1178 496 1236 fusis
512 1179 595 1237 illico
611 1179 764 1258 lacrymis,
781 1180 812 1237 in
828 1198 893 1237 ora·

75 1266 164 1324 tione
184 1270 351 1341 prostratus
371 1270 425 1334 est,
451 1269 482 1320 at
496 1263 623 1321 muliere
641 1264 779 1340 protinus
796 1283 893 1322 assur·

75 1356 174 1427 gente
182 1345 217 1420 8)‚
226 1347 377 1407 allocutus
387 1355 433 1405 eat
446 1366 497 1404 eos
507 1345 612 1405 dicens
619 1343 662 1423 ⁹):
677 1346 800 1419 „Nolite
808 1345 893 1426 quid·

76 1452 173 1514 quam
185 1432 288 1490 horum
301 1433 377 1491 meis
390 1430 532 1509 operibus
545 1431 711 1510 applicare,
721 1431 800 1489 hanc
814 1432 894 1490 enim

75 1518 211 1597 gratiam
228 1516 301 1575 fidei
316 1524 439 1576 vestrae
459 1515 562 1574 fervor
578 1515 722 1592 emeruit;
743 1524 774 1573 ct
788 1515 846 1573 hoc
861 1511 895 1574 fil

75 1605 111 1662 in
127 1602 231 1661 multis
245 1602 321 1661 locis
337 1609 367 1660 ct
382 1599 533 1677 gentibue,
548 1609 582 1659 ut
598 1609 801 1678 cognoscatur
813 1599 895 1680 quod

74 1707 160 1747 unus
175 1687 216 1746 ait
228 1687 329 1761 Deus,
354 1685 470 1745 faciens
486 1686 518 1743 in
534 1685 617 1762 coelo
633 1695 664 1744 et
683 1686 715 1744 iu
731 1693 813 1744 terra
826 1705 894 1763 pro·

76 1772 182 1849 digia,
207 1772 345 1830 excitans
363 1771 497 1850 perditos
514 1771 546 1829 in
561 1770 690 1830 salutem
709 1779 740 1829 et
760 1779 893 1830 mortuos

74 1859 164 1918 vitae
180 1857 373 1915 restituens.“
403 1856 517 1914 Mulier
537 1875 611 1914 vero
632 1855 764 1915 sanitate
787 1875 893 1932 perce·

74 1951 143 2022 pta,
160 1960 236 2020 opus
251 1940 354 2016 agrale
371 1939 420 1999 die
438 1941 528 2000 tertio
544 1941 630 1999 iuxta
644 1959 758 1998 morem
771 1941 893 2017 provin·

76 2029 148 2087 ciae
164 2027 292 2104 propriis
308 2026 408 2104 coepit
424 2025 564 2084 manibus
581 2043 736 2083 exercere.

145 2110 219 2169 XV.
249 2109 413 2187 Quintanin
436 2109 652 2189 appellabatur
672 2103 808 2185 locus¹)‚
830 2107 894 2167 foe·

76 2245 285 2256 ...---—--

134 2312 162 2375 2)
181 2312 322 2376 lanquentis
340 2326 392 2360 cm.
410 2311 443 2360 Β.

131 2394 159 2460 3)
179 2411 239 2460 erpo
257 2395 290 2445 Β.

129 2478 157 2538 4)
177 2479 289 2530 uberius
309 2477 462 2544 explanans
480 2478 512 2528 Β.
531 2455 630 2530 halrel:
658 2486 718 2530 tunc
736 2482 791 2544 ipse
809 2461 893 2543 lacap-
933 2533 936 2540 ,

74 2548 218 2600 arabundus
236 2550 383 2597 exclamans
401 2549 439 2596 ait
457 2551 509 2598 etc.

131 2630 158 2694 5)
178 2646 301 2695 copnasco
319 2646 357 2681 mc
375 2631 407 2680 B.

130 2713 158 2778 6)
175 2731 226 2780 pro
244 2731 275 2765 ea
294 2731 345 2767 om,
366 2715 399 2764 Β.

130 2798 157 2862 7)
176 2815 308 2864 praesens
325 2798 421 2850 histor.
440 2801 566 2850 reviviscit
582 2799 614 2849 B.

129 2882 156 2946 8)
176 2890 338 2947 ressarpente
356 2882 387 2933 Β.

128 2965 156 3030 9)
176 2968 263 3018 dicens
281 2984 333 3020 orn.
350 2967 384 3018 B.

134 3051 160 3116 1)
179 3055 247 3103 locus
266 3068 317 3103 om.
335 3051 368 3102 B.
