2154 3678
377 249 588 311 ..23-

70 399 171 480 filium
191 397 318 457 deduxit
341 399 529 477 impositum,
556 407 585 456 et
601 407 671 457 aute
688 401 809 458 ianuam
824 421 888 460 mo-

72 483 205 544 nasterii
219 483 390 560 proiieieus·
400 483 611 560 desperatum,
635 485 818 544 continuatis
833 485 886 544 fle·

73 568 157 628 tibus
178 567 267 626 reddi
282 565 341 626 sibi
356 568 478 626 unicum
493 568 588 627 filium
602 567 785 646 precabatur
803 571 886 628 inco·

72 654 198 712 lumem.
232 651 294 713 Sed
315 653 363 710 vir
378 653 439 712 Dei
460 653 595 712 sentiens
617 673 635 710 a
659 672 691 711 se
707 672 818 730 magna
834 653 897 713 de·¹

72 738 179 817 posci,
197 737 270 796 fletu
286 746 451 795 commotus
467 737 585 796 aiebat:
610 733 720 814 „Quid
734 739 886 816 opprimor

73 823 221 901 opinione
241 820 368 880 fallaci?
395 842 447 880 eur
469 824 612 881 aestimer
626 841 717 899 pesse
736 821 817 900 quod
835 843 887 880 ne·

73 905 178 987 queo?
207 907 276 965 Non
292 915 338 965 est
357 908 436 965 enim
447 902 472 982 ¹)
489 907 607 966 virtutis
623 926 710 966 meae
729 915 886 984 praestare

71 1001 137 1051 tarn
159 990 304 1068 grandia:
332 991 491 1050 consilium
513 1003 614 1050 tamen
637 990 674 1049 du
689 987 754 1067 ²).“
799 992 889 1050 Tune

72 1077 203 1136 mandat
219 1075 354 1147 mulieri,
371 1085 403 1134 ut
418 1076 604 1153 pauperibus
620 1074 737 1155 aliquid
754 1095 809 1154 pro
824 1077 886 1135 suis

72 1160 193 1220 viribus
210 1160 382 1236 largiretur.
408 1161 469 1219 Illa
483 1161 559 1220 nihil
578 1171 703 1232 morata,
720 1170 807 1220 veste
826 1181 887 1241 qua

23 1243 31 1258 “
72 1245 185 1305 induta
198 1240 331 1313 fuerat3)
344 1246 537 1305 savelociter
551 1265 677 1317 exuens,
691 1245 851 1322 egentibus
860 1242 885 1322 4)

73 1329 217 1388 dividere
231 1329 426 1408 properabat.
463 1329 531 1411 Quo
548 1330 652 1388 audito
669 1331 716 1386 vir
730 1330 806 1401 Dei,
829 1330 888 1388 fer·

72 1434 182 1474 vorem
207 1416 271 1472 eius
293 1412 460 1487 admirans,
488 1415 596 1472 iterum
623 1413 754 1486 mandat,
780 1423 812 1472 ut
826 1415 887 1472 suis

72 1501 248 1577 operiretur
262 1498 439 1572 amictibus,
455 1497 577 1557 dicens:
607 1496 708 1570 „Cum
723 1509 792 1557 tuus
807 1497 887 1556 filius

73 1594 179 1644 tecum
194 1585 324 1642 Domino
349 1593 476 1643 sanante
495 1584 679 1660 perrexerit,
701 1602 794 1662 opere
815 1593 888 1641 vota

72 1667 265 1747 supplebis.“
297 1667 394 1744 Igitur
411 1667 525 1726 indicto
541 1688 706 1746 paucorum
720 1668 836 1727 dierum
850 1666 886 1726 de

72 1771 161 1813 more
176 1753 298 1825 ieiunio,
316 1754 392 1812 fusis
409 1753 449 1811 ed
465 1755 566 1812 Deum
581 1751 723 1832 precibus
740 1753 823 1812 illico
840 1773 886 1812 sa·

72 1838 165 1898 navit
189 1837 353 1911 infirmum,
378 1847 469 1917 atque
490 1838 671 1898 incolumem
693 1839 754 1896 suis
776 1839 886 1914 gressi·

73 1925 134 1983 bus
150 1921 354 1981 ambulantem
372 1924 489 1981 remisit
503 1922 543 1981 ad
564 1923 697 2001 propria.
737 1921 808 1998 Qui
821 1941 887 1980 eum

72 2015 185 2088 postea
200 2005 342 2066 nundinis
357 2007 567 2087 frequentibus
582 2007 753 2077 interesset,
764 2014 887 2083 stupen-

74 2093 148 2152 dum
170 2091 347 2150 miraculum
369 2093 485 2151 eunetis
505 2090 679 2150 videntibus
707 2089 886 2166 exhibebat3

73 2176 217 2237 nonnulli
233 2176 312 2236 enim
329 2175 486 2245 dicebant:
510 2176 620 2248 „Ecce
641 2175 694 2234 ille
716 2176 768 2253 qui
787 2175 887 2234 fuerat

73 2257 204 2337 totius⁵)
221 2262 354 2338 eorporis
370 2260 532 2337 putredine
548 2255 791 2338 tabefactus“⁶);
816 2260 886 2318 aliis

74 2358 195 2416 autem,
226 2345 306 2424 quod
334 2346 400 2424 ipse
422 2353 519 2416 esset,
547 2345 666 2403 omnino
691 2343 885 2422 negantibus}

131 2631 156 2692 l)
175 2634 239 2680 enim
257 2647 307 2680 om.
327 2631 358 2680 B.

128 2698 154 2760 2)
175 2696 243 2747 cod.
260 2699 292 2750 B.
313 2698 387 2748 adu:
407 2705 529 2762 tamquam
547 2698 744 2746 irrisertcordium
762 2712 887 2746 conseru-

75 2773 118 2816 aa
137 2783 153 2814 α
170 2766 286 2816 Domino.

128 2831 156 2897 3)
174 2841 279 2891 vestem,
297 2849 346 2898 qua
363 2835 454 2882 induta
470 2840 529 2882 erat
544 2831 575 2882 B.

129 2902 156 2962 4)
175 2903 260 2966 egenis
277 2901 308 2950 B.

130 2968 156 3029 5)
176 2969 252 3018 totitas
270 2984 323 3018 om.
341 2969 372 3018 B.

129 3033 157 3099 6)
173 3037 275 3098 stactus
292 3036 323 3085 B.
