2154 3678
376 179 587 238 ..19-

66 326 290 399 habitaculum,
308 326 389 405 quod
404 327 539 404 Burgum
554 327 767 405 appellabatur
782 328 820 386 ab
837 350 887 387 ac·

68 411 164 484 colis,
191 431 252 469 uno
269 412 447 471 aFabianis
466 412 580 470 distans
605 411 799 489 miliariow),
821 434 886 473 sae-

67 498 140 574 pius
160 495 336 568 secedebat,
359 505 392 555 ut
409 497 563 554 hominum
580 496 731 556 declinata
746 498 887 576 frequen·

66 583 132 653 tia,
157 601 238 659 quae
255 579 378 639 adeum
393 583 499 640 venire
517 591 729 656 consueverat,
750 585 887 642 oratione

69 666 295 724 continuaDso
308 667 439 744 propitio
446 661 487 746 ²⁰)
497 666 680 725 inhaereret.
696 666 759 725 Sed
773 678 886 745 quanto

68 750 270 810 solitudinem
287 751 424 810 incolere
443 750 600 829 cupiebat,
622 759 707 809 tanto
726 749 886 827 erebris21)

68 835 316 894 revelationibus
332 835 519 908 monebatur,
533 856 572 894 ne
586 837 791 913 praesentiam
802 857 887 895 suam

65 919 193 1000 populis
216 919 384 998 denegaret
408 920 540 979 afflictis.
573 920 759 980 Proficiebat
781 923 887 1001 itaque

65 1026 126 1085 per
150 1005 287 1081 singulos
309 1005 375 1063 dies
398 1005 463 1064 eius
483 1006 636 1079 meritum,
665 1006 887 1086 crescebatque

66 1094 156 1148 lama
172 1091 334 1160 virtutum,
359 1109 438 1169 quae
454 1089 546 1168 longe
562 1090 687 1171 lateque
704 1091 885 1163 discurrere,

67 1169 358 1256 quia²²)2c0elestis
380 1176 412 1233 in
434 1195 470 1234 eo
493 1175 591 1251 gratia
613 1176 701 1252 signa
723 1175 886 1252 pandebat.

64 1260 225 1320 Nesciunt
250 1261 330 1317 enim
358 1259 454 1318 latere
482 1279 561 1338 quae
593 1259 674 1317 bona
702 1270 788 1331 sunt,
819 1281 887 1318 cum

65 1348 160 1404 iuxta
184 1345 369 1402 sententiam
391 1345 569 1417 salvatoris,
596 1345 805 1402 neclucerna
831 1343 886 1402 sub

66 1429 172 1489 modio
189 1430 321 1505 contegi,
337 1445 395 1487 nec
411 1430 442 1487 in
458 1436 560 1487 monte
578 1429 677 1507 posita
693 1429 800 1488 civitas
817 1448 886 1506 pos·

69 1517 112 1574 sit
127 1509 529 1591 absconde(Matth.s‚15.).
563 1514 649 1572 Inter
666 1522 788 1572 caetera
805 1514 886 1572 enim

68 1598 237 1676 magnalia,
255 1594 334 1677 quac
350 1597 396 1655 illi
413 1597 557 1656 Salvator
570 1597 748 1672 indulserat,
766 1599 885 1676 praeci·

68 1705 166 1764 puum
196 1683 400 1740 abstinentiae
428 1703 537 1742 munus
561 1683 733 1762 accipiens,
764 1703 885 1742 carnem

69 1789 160 1830 suam
173 1767 311 1847 plurimis
329 1766 513 1844 subiugabat
534 1763 660 1840 inediis,
685 1767 797 1826 docens
822 1787 885 1826 cor·

66 1875 127 1934 pus
151 1853 228 1911 cibis
249 1851 522 1911 abundantioribus
538 1847 747 1928 enutritum23)
764 1852 885 1910 animae

67 1939 230 1999 interitum
249 1936 387 2016 protinus
403 1937 574 1996 allaturum.
606 1936 815 1996 Calciamento
830 1955 884 2013 pe·

66 2025 153 2083 nitus
176 2022 261 2080 nullo
279 2017 319 2100 24)
341 2019 498 2111 utebatnp',
523 2022 566 2080 ita
586 2021 686 2081 medio
699 2015 740 2096 25)
762 2019 883 2099 hyeme,

65 2129 151 2190 quae
168 2110 200 2166 in
215 2106 277 2165 illis
292 2107 465 2184 regionibus
482 2107 621 2164 saeviore
639 2105 710 2182 gelu
727 2105 886 2184 torpescit,

105 2292 148 2354 19)
169 2289 295 2356 Quinque,
319 2307 373 2341 non
396 2307 445 2340 uno
469 2290 607 2340 milliariis
625 2291 728 2339 distare
748 2305 765 2339 a
782 2291 884 2340 Favia-

65 2364 114 2412 nis
142 2359 271 2424 oppidum
304 2359 371 2410 illud
401 2360 500 2409 asserit
522 2359 553 2408 Β.
594 2359 668 2407 Hinc
696 2357 766 2407 alius
799 2358 885 2406 aliem

65 2428 435 2557 coppqutationemBsecutus
454 2442 515 2476 esse
533 2426 648 2476 videtur.

187 2496 286 2544 rotinus
330 2532 335 2543 .

103 2544 148 2624 2'1)
169 2512 284 2612 ireneus
300 2562 332 2611 Β.

104 2631 149 2693 22)
170 2631 229 2695 quia
239 2630 317 2680 deest
329 2631 357 2678 in
369 2630 415 2690 B.;
429 2630 523 2679 forsan
533 2629 606 2678 hanc
617 2629 651 2677 ob
663 2627 806 2689 rationem,
820 2641 884 2688 quo·

63 2702 146 2751 niam
167 2697 296 2746 librarius
314 2697 480 2762 particulam
495 2698 577 2746 istam
590 2695 753 2760 superfluam
766 2693 882 2743 censuit.

104 2765 150 2830 23)
170 2765 236 2815 Cod.
250 2766 281 2814 B.
301 2765 415 2815 resolvit
434 2764 677 2814 constructionem:
697 2777 798 2825 corpur,
817 2763 886 2826 quod

64 2837 134 2888 cibis
156 2869 162 2883 .
182 2869 189 2883 .
208 2872 213 2884 .
234 2836 369 2883 enutritur.

104 2902 149 2961 24)
169 2903 234 2950 nullo
252 2903 352 2965 penitus
370 2903 472 2951 indutus
489 2901 522 2949 B.

104 2969 149 3032 25)
168 2970 251 3018 media
269 2969 301 3018 B.

682 3033 727 3096 2*
