2154 3678
373 275 655 340 -67-,

67 421 275 502 quadraginta
291 422 406 481 dierum
426 423 606 482 districtiore
622 425 750 497 ieiunio,
773 434 880 485 ventu·

69 527 123 565 rae
140 508 319 580 calamitati,
336 507 523 567 abstinentia
544 509 678 568 ciborum
695 518 726 568 et
739 510 881 570 lamentis

69 611 230 651 occurrere
248 591 368 651 dicens:
403 594 545 652 Imminet
560 592 615 651 tibi
630 595 786 672 corporale
801 597 881 673 peri-

69 676 182 749 culum,
198 675 280 756 quod
295 678 356 735 Dei
367 677 521 757 praesidio
533 680 621 756 parvi
632 681 720 757 panis
737 687 768 738 et
782 699 882 760 aquae

67 760 214 821 remediis
243 761 392 840 expiabis.
441 761 683 841 Quadragesimo
704 765 808 842 itaque
831 765 881 822 die

68 846 227 905 mortifera
242 845 356 925 papula
370 849 401 905 in
413 847 539 906 brachio
554 849 717 907 ieiunantis
731 851 881 926 apparuit,

69 951 159 1011 quarn
183 951 253 989 mox
272 931 311 990 ad
335 931 433 1011 ipsum
455 933 611 1010 ingressus
632 933 811 1013 suppliciter
829 933 881 992 de·

67 1017 257 1076 monstravit.
290 1014 348 1074 Oui
369 1024 493 1076 sanctus
514 1020 576 1077 Dei
595 1019 743 1077 famulus:
774 1018 880 1092 „Noli,
907 1052 910 1058 ·

66 1095 220 1180 inquit2),
241 1109 377 1160 metuere
392 1104 638 1180 praenuntiatum
657 1103 713 1162 tibi
728 1113 799 1162 ante
816 1102 881 1162 dies

68 1185 274 1266 quadraginta
282 1184 476 1260 discrimen“,
485 1190 647 1268 statimque
656 1189 778 1268 propria
789 1208 881 1246 manu

72 1272 162 1348 signo
184 1270 282 1328 crucis
306 1271 452 1344 obducto,
479 1274 657 1332 mirantibus
681 1274 731 1352 qui
751 1271 882 1331 aderant

65 1355 184 1434 papula
208 1355 331 1414 lethalis
355 1356 489 1415 evanuit.
526 1357 595 1415 Hoc
615 1377 708 1416 unum
724 1356 763 1415 de
779 1356 880 1414 dome·

66 1441 151 1498 sticis
167 1439 348 1500 sanitatibus
357 1436 515 1515 narrare3)
530 1441 672 1513 sufficiat,
684 1441 796 1520 prolixi
809 1461 880 1518 ope-

66 1525 110 1582 ris
126 1520 284 1602 fastidia4)
303 1525 495 1584 declinando.
524 1525 603 1584 Nam
620 1527 743 1604 saepius
759 1545 882 1584 suorum

67 1608 507 1690 aegritudines-monachorum
517 1609 638 1670 Christo
652 1611 709 1670 sibi
721 1609 880 1670 revelante

66 1695 304 1773 praenuntians,
331 1694 440 1754 iisdem
461 1696 570 1774 quibus
592 1696 794 1775 praevidebat
816 1715 880 1754 mu·

66 1779 194 1839 neribus
211 1789 241 1838 et
259 1779 399 1839 sanabat.
565 1789 566 1793 ’

131 1897 292 1956 ΧΧΧΙΧ.
320 1897 350 1956 Α
373 1899 589 1979 discipulorum
613 1921 732 1958 suorum
758 1920 880 1980 quoque

67 1982 183 2042 cellula
201 1983 368 2060 spiritualis
384 1982 490 2044 doctor
504 2005 565 2044 non
579 1983 700 2062 longius
713 1983 880 2056 habitabat,

66 2068 99 2126 in
116 2067 303 2126 orationibus
328 2065 415 2145 vel¹)
437 2069 624 2128 abstinentia
646 2070 757 2146 iugiter
776 2089 881 2148 perse·

1 2159 2 2186 l
66 2171 190 2222 vorans,
208 2173 276 2210 cum
292 2153 401 2233 quibus
417 2163 519 2212 tamen
533 2156 696 2213 matutinas
716 2156 881 2227 orationes,

67 2245 99 2295 et
113 2237 267 2316 propriam
289 2240 386 2297 noctis
407 2239 557 2317 principio
579 2237 778 2316 psalmodiam
802 2239 881 2298 sole·

66 2323 178 2380 mniter
191 2321 393 2402 adimplebat3
411 2322 530 2402 reliqua
540 2343 614 2382 vero
628 2325 795 2384 orationum
806 2335 881 2383 tem·

66 2426 144 2484 pora
160 2407 189 2464 in
206 2427 301 2485 parvo
319 2407 492 2487 complebat
505 2410 644 2480 oratorio,
658 2429 717 2490 quo
728 2409 880 2469 manebat.

67 2493 105 2550 In
122 2491 233 2570 quibus
248 2512 342 2572 saepe
359 2493 543 2554 coelestibus
559 2490 726 2573 firmatue²)
739 2493 880 2567 oraculis,

120 2726 147 2788 2)
166 2729 246 2792 lnquit
265 2728 368 2778 excidit
384 2728 413 2779 in
430 2729 465 2778 B.
541 2733 546 2743 ’

120 2793 147 2857 3)
165 2811 286 2846 narratae
304 2796 335 2848 Β.

119 2863 147 2923 4)
164 2864 295 2926 fastidium
312 2864 344 2913 Β.

122 2930 148 2994 l)
166 2937 192 2980 et
209 2932 239 2982 B.

120 2999 147 3057 2)
166 2999 350 3061 infamabatur
364 2999 395 3049 B.
414 3017 448 3041 =
467 2997 566 3056 Causa,
587 2997 676 3048 altera
693 2998 779 3050 lectio
793 3001 880 3062 finnu-

68 3074 110 3118 tue
127 3083 162 3110 =
181 3081 350 3132 consequens
369 3065 580 3116 informationis.
711 3130 728 3168 *
