2154 3678
505 241 716 302 ...46-

204 388 306 469 rant²)
331 389 456 470 quidam
477 389 517 447 ad
544 389 681 462 Italiam,
708 398 877 448 extremum
903 391 1017 470 stipen-

205 476 288 536 dium
310 475 565 548 commilitonibus
586 474 724 547 allaturi,
748 494 823 553 quos
850 474 882 532 in
906 475 1017 534 itinere

203 570 377 639 peremptos
398 581 417 619 a
436 560 573 618 barbaris
594 559 695 618 nullus
720 566 899 635 agnoverat.
936 558 1019 638 Qua·

204 645 274 704 dam
290 666 361 723 ergo
379 644 438 717 die,
455 645 572 704 durnin
588 665 643 702 sua
659 644 772 702 cellula
786 643 905 720 legeret
917 641 950 703 S.
964 644 1019 704 Se·

203 733 340 803 verinus,
362 730 461 789 subito
478 729 583 788 clauso
599 728 719 800 codice,
738 748 804 786 cum
819 747 931 806 magno
950 749 1019 788 coe-

202 817 249 893 pit
262 817 435 895 lacrymare
451 816 590 892 suspirio,
615 822 751 872 astantes
758 809 785 887 3)
803 814 892 871 iussit
905 813 948 871 ad
963 814 1020 872 flu·

204 903 285 960 vium
300 909 500 979 properanter
516 918 689 968 excurrere,
705 893 811 976 quia⁴)
825 899 855 955 in
870 899 927 955 illa
944 898 1020 956 hora

203 985 366 1044 humanum
382 983 522 1042 firmabat
537 1002 673 1042 cruorem
683 980 708 1059 5)
726 984 877 1059 respergi,
901 985 1019 1058 statim·

204 1089 264 1147 que
284 1070 454 1126 nuntiatum
475 1078 537 1138 est,
566 1085 692 1145 corpora
711 1066 917 1145 praefatorum
940 1068 1019 1127 mili·
1057 1119 1058 1136 ,

204 1162 266 1212 tum
285 1153 416 1211 fluminis
436 1153 551 1230 impetu
573 1150 611 1210 ad
632 1161 743 1210 terram
760 1153 854 1212 fuisse
870 1151 988 1211 delata.

266 1237 359 1296 XXI.
381 1236 528 1296 Paulinus
547 1234 670 1315 quidam
685 1236 848 1316 presbyter
865 1235 904 1294 ad
916 1237 950 1296 S.
962 1235 1019 1296 Se·
1057 1287 1058 1298 ,

203 1323 339 1380 verinum
353 1322 435 1380 fama
447 1322 511 1381 eius
526 1330 707 1380 excurrente
715 1317 740 1398 ¹)
751 1330 951 1400 perveneret3
969 1322 1020 1380 hic

205 1409 236 1466 in
252 1409 401 1466 consortio
415 1407 499 1467 beati
514 1409 573 1464 viri
587 1406 692 1464 diebus
709 1406 825 1485 aliquot
836 1415 1018 1480 remoratus,

205 1512 272 1550 curn
286 1493 387 1552 redire
403 1491 514 1565 vellet,
537 1490 653 1550 audivit
668 1491 706 1549 ab
723 1511 774 1549 eo:
799 1491 1020 1562 „Venerabilis
1058 1480 1059 1500 ¹

202 1576 363 1658 presbyter
388 1576 513 1649 festina,
540 1577 612 1655 quia
633 1577 692 1634 cito
714 1575 906 1633 dilectionem
923 1585 1019 1644 tuam,

202 1661 383 1738 populorum
406 1661 581 1732 desideriis,
607 1668 640 1718 ut
666 1659 830 1729 credimus,
857 1659 1019 1720 obluctan-

203 1754 282 1817 tem,
304 1745 436 1822 dignitas
458 1747 652 1823 episcopatus
668 1743 816 1803 ornabit.“
848 1742 1020 1824 Moxque²l

163 1867 170 1878 ,
203 1839 360 1890 remeante
381 1828 421 1888 ad
442 1831 587 1907 patriam,
611 1849 709 1888 sermo
724 1831 754 1887 in
771 1824 876 1905 eum3)
893 1830 1020 1907 praedi·
1059 1861 1060 1870 κ

205 1915 301 1976 centis
317 1915 459 1992 impletus
476 1925 531 1974 est.
561 1915 639 1973 Nam
654 1913 921 1985 civesTiburniae,
935 1935 1020 1994 quae

205 2009 251 2060 est
278 2000 450 2078 metropolis
476 2000 599 2069 Norici,
633 2008 798 2076 coegerunt
823 1998 1021 2077 praedictum

203 2086 301 2144 virum
321 2085 429 2144 summi
451 2085 614 2144 sacerdotii
630 2086 784 2160 suscipere
799 2084 1020 2161 principatum.

269 2169 376 2229 XXII.
401 2170 552 2229 Basilicas
579 2179 666 2229 extra
682 2188 780 2227 muros
802 2168 906 2247 oppidi
921 2170 1022 2228 Bata·

203 2254 281 2327 vini,
299 2257 331 2314 in
346 2256 413 2313 loco
430 2256 551 2314 nomine
565 2255 688 2313 Boiotro
697 2249 720 2331 ¹)
738 2263 821 2313 trans
837 2251 1021 2332 Haenum2)

298 2503 334 2537 err
352 2503 381 2538 eo
397 2495 573 2551 perrexerunt
590 2488 622 2538 B.

298 2555 329 2607 B.
349 2556 489 2605 interserit
506 2558 613 2610 iuvenes.

253 2690 279 2752 5)
298 2693 402 2741 humano
420 2707 511 2741 errrore
529 2691 561 2740 Β.

256 2759 280 2822 l)
298 2763 373 2809 latius
388 2767 557 2820 percurrente
574 2761 607 2809 B.

253 2828 279 2887 2)
298 2843 359 2877 moer
372 2828 404 2877 B.

254 2893 279 2958 3)
298 2897 324 2944 in
341 2911 371 2945 eo
389 2895 420 2944 Β.

256 2961 280 3026 l)
298 2962 391 3012 Boitro
409 2963 441 3011 B.
467 2963 583 3012 Rarum:
601 2961 736 3014 Boiotlrro.

253 3030 280 3091 2)
299 3030 358 3079 sine
376 3029 458 3079 dubio
478 3028 576 3092 Ocnum,
596 3030 639 3079 uti
656 3031 687 3080 B.
