2154 3678
391 279 432 288 -.
477 250 602 312 63--

152 398 311 458 ΧΧΧΠΙ.
342 397 392 458 Ab
416 397 595 477 oppidaneis
617 395 899 477 Comagensibus1),

87 484 170 562 apud
192 503 266 562 quos
287 483 415 560 primum
436 482 586 562 quondam
603 484 779 544 innotuerat
792 485 827 542 B.
845 484 898 545 Se-

87 570 233 641 verinus‚
263 569 442 647 suppliciter
471 577 593 644 rogatus
624 567 759 628 advenit.
806 568 899 628 Cuius

88 662 244 731 comperte
258 654 446 731 praesentia,
468 671 546 711 unus
571 671 609 711 ex
631 654 823 732 optimatibus
839 653 899 713 Fe-

85 739 203 797 lethaei
217 740 299 816 regis
311 737 405 795 filium
418 757 503 796 suum
513 736 742 798 adolescentem
758 737 898 798 diuturno

84 824 235 900 languore
257 831 416 894 vexatum,
441 823 489 887 cui
510 823 570 879 iam
592 823 721 900 parebat
744 824 898 900 exequias,

85 909 253 967 transiecto
269 907 412 967 Danubio
427 905 557 984 pedibus
575 908 638 965 eius
653 909 791 984 proiecit,
811 915 841 965 et
855 908 898 966 la·

85 1013 243 1072 erymans:
274 990 416 1065 „Orcdo‚
437 992 551 1069 inquit,
573 991 661 1050 homo
683 989 758 1065 Dei,
783 1000 814 1050 te
835 993 898 1052 filio

84 1097 153 1136 meo
169 1077 309 1137 velocem
326 1077 489 1154 impetrare
510 1074 654 1136 divinitus
662 1072 687 1154 ²)
704 1069 896 1137 sanitatem.“

84 1163 176 1221 Tunc
197 1161 269 1221 data
284 1162 435 1234 oratione,
457 1162 509 1240 qui
524 1162 689 1220 semivivus
705 1162 816 1220 allatus
831 1162 896 1220 fuc-

82 1255 147 1320 rat‚
163 1249 265 1306 statim
279 1247 436 1306 incolumis
453 1254 539 1322 petre
555 1242 739 1323 migrante3)
756 1249 896 1321 surrexit,

83 1341 116 1392 et
133 1332 272 1409 perfecta
289 1332 426 1410 protinus
441 1331 603 1389 revertitur
618 1332 762 1409 sospitate
776 1327 810 1406 4).

148 1415 304 1474 XXXIV.
349 1415 558 1473 Elefantiosus
595 1417 686 1473 etiam
703 1410 727 1490 ¹)
763 1413 894 1494 quidem,

82 1501 164 1559 Teio
173 1497 199 1578 2)
216 1501 347 1575 nomine,
364 1499 402 1558 de
418 1499 590 1578 longinquis
606 1499 781 1576 regionibus
799 1498 831 1558 S.
841 1497 896 1557 Se-

83 1587 185 1644 verini
208 1587 355 1643 invitatus
377 1584 540 1642 virtutibus
566 1585 666 1660 venit,
692 1603 803 1661 rogans
831 1585 895 1643 eius
988 1583 990 1586 ’

82 1666 256 1750 oratione3)
277 1669 427 1728 mundari.
461 1671 599 1748 Accepto
625 1670 728 1748 itaque
753 1689 792 1729 ex
813 1687 895 1727 more

81 1765 265 1834 praecepto,
289 1755 409 1813 iubetur
429 1754 530 1812 Deum
551 1754 643 1813 totius
664 1755 782 1831 gratiae
804 1753 895 1831 largi·

80 1851 180 1899 torem
203 1841 269 1898 sine
296 1841 467 1898 cessatione
490 1839 729 1918 lacrymabiliter
756 1858 893 1898 exorare.

82 1923 168 2002 Quid
182 1923 293 2001 plura?
313 1925 454 2003 precibus
473 1923 557 1982 beati
570 1925 628 1982 viri
653 1923 734 1982 idem
756 1923 894 2002 leprosus

83 2010 191 2069 divina
211 2009 408 2088 opitulatione
430 2007 608 2080 mundatus,
640 2007 709 2065 dum
732 2014 895 2064 commutat

83 2114 185 2153 mores
210 2095 241 2152 in
267 2096 391 2166 melius,
418 2101 535 2152 mutare
560 2093 670 2151 meruit
696 2100 726 2150 et
753 2091 894 2166 colorem,

82 2180 180 2257 Regis
197 2180 314 2238 aeterni
329 2177 483 2255 magnalia
495 2185 557 2234 tem
569 2179 630 2235 suis
647 2195 735 2255 quam
749 2176 893 2255 plurimo·

80 2284 148 2324 rum
166 2265 290 2323 vocibus
310 2263 400 2341 longe
416 2262 539 2340 lateque
555 2260 746 2320 denuntians.

146 2348 285 2408 XXXV.
315 2343 450 2423 Bonus¹)
468 2366 588 2426 quoquc
605 2347 771 2405 monachus
787 2345 822 2407 Β.
838 2346 892 2406 Se·
929 2381 933 2388 ·

137 2565 162 2632 l)
182 2567 405 2632 Compensatione
422 2566 455 2614 B.

134 2635 161 2696 2)
180 2649 256 2698 posse
275 2634 336 2684 add.
355 2633 387 2682 B.

134 2701 161 2766 3)
180 2705 287 2752 mirante
305 2702 397 2766 aptius
414 2701 446 2749 Β.
469 2702 596 2750 incolumts
614 2699 693 2748 deest
711 2699 740 2748 in
757 2699 789 2747 B.

133 2771 160 2832 4)
180 2774 289 2819 sanitate
303 2771 336 2819 B.

136 2837 162 2904 1)
181 2839 255 2887 etiem
273 2837 351 2887 deest
369 2836 398 2886 in
415 2837 448 2885 B.

134 2905 161 2968 2)
184 2905 243 2955 Telo
261 2906 292 2954 B.
316 2905 408 2968 Πιερία
427 2903 486 2953 Sur.

135 2971 161 3035 3)
180 2973 337 3023 orationibus
354 2972 386 3020 B.

136 3040 162 3103 1)
180 3041 300 3090 Bonosus
316 3041 348 3089 B.
371 3039 460 3089 Bonos
478 3038 537 3089 Sur.
