2154 3678
288 787 661 866 PROOEMIUM.

422 997 524 1005 --———-

123 1147 209 1206 Inter
223 1147 302 1222 illos,
320 1149 372 1228 qui
386 1147 460 1206 fidei
479 1148 877 1209 christianao'fundamonta

61 1251 95 1308 in
109 1249 238 1326 regione
261 1249 414 1322 iecerunt,
437 1270 517 1330 quac
539 1251 610 1309 olim
626 1253 724 1309 Norici
736 1253 877 1326 Ripensis,
983 1297 984 1300 η

61 1371 145 1410 nunc
176 1349 320 1410 Austriac
352 1352 512 1431 provincia
540 1360 745 1428 nuncupatur,
783 1350 875 1412 facilc

61 1452 210 1532 princeps
229 1460 303 1526 erat,
319 1453 499 1512 Noricorum
514 1453 566 1532 qui
583 1451 876 1532 diciturApostolus,
963 1435 965 1439 ¹

62 1555 94 1612 S.
113 1555 271 1612 Severinus.
572 1561 594 1626 ᾖ

127 1656 296 1734 Tempore,
312 1675 372 1736 quo
387 1654 486 1715 Attila
499 1675 556 1740 rex
571 1655 751 1714 Hunnorum
766 1653 874 1714 defun·

62 1765 147 1830 ctus,
174 1756 291 1835 illaque
317 1757 402 1834 regio
429 1757 625 1817 barbarorum
653 1755 875 1816 incursionibus

61 1857 157 1917 valdo
172 1857 319 1935 depressa
333 1868 411 1933 crat,
432 1859 463 1919 S.
481 1860 662 1932 Severinus,
684 1860 731 1919 vir
747 1859 876 1918 sanctis·

61 1961 168 2032 simus,
185 1960 312 2038 quitum
328 1961 411 2020 vitac
428 1960 591 2038 disciplina
609 1960 766 2038 singulari,
783 1980 875 2040 quam

62 2062 174 2140 spiritu
193 2061 372 2141 prophetiae
399 2070 430 2121 et
454 2063 608 2121 miraculis
634 2061 791 2134 inclaruit,
821 2080 876 2140 pa-

60 2163 153 2221 triam
180 2170 272 2241 atquc
296 2183 392 2240 genus
421 2183 507 2222 suum
535 2163 734 2223 clarissimum
762 2163 875 2232 colans

61 2263 101 2324 dc
124 2263 261 2344 partibus
284 2263 418 2325 Orientis
444 2265 585 2340 veniens,
610 2263 671 2324 Dei
694 2265 809 2324 monitu
835 2265 875 2323 ad

61 2365 194 2425 Noricos
211 2366 364 2444 Ripenscs
389 2387 422 2426 se
446 2368 586 2438 contulit,
615 2367 790 2447 etquidem
813 2369 875 2447 pri·

62 2488 146 2526 mum
167 2469 200 2526 in
221 2467 331 2547 oppido
357 2467 491 2540 Asturis,
518 2478 625 2547 postea
651 2469 718 2528 aliis
743 2471 775 2540 iu
798 2469 874 2528 locis

62 2569 153 2628 huius
169 2569 357 2649 provinciae,
374 2571 447 2648 quin
463 2571 521 2628 imo
538 2579 568 2629 ot
584 2570 705 2630 vicinae
721 2571 873 2630 Rhaetica

63 2671 275 2747 evangelicam
303 2680 333 2730 ot
359 2671 556 2749 apostolicam
577 2671 745 2732 doctrinam
764 2692 873 2751 propa-

62 2773 163 2848 gavit,
189 2772 408 2850 poenitentiam
433 2771 641 2851 praedicando
664 2773 790 2832 stiram
812 2774 874 2834 Dei

63 2872 120 2930 tali
145 2871 234 2930 modo
258 2872 436 2948 avortcndo.¹
474 2873 565 2932 quta
590 2893 690 2932 muros
711 2872 870 2933 Fabianae

62 2974 239 3054 primarium
262 2973 320 3034 sibi
341 2975 492 3034 exstruxit
513 2975 736 3035 monasterium.
771 2976 874 3054 Rugo-
