2154 3678
367 224 577 284 -13-

47 371 152 449 laque
168 364 212 446 13)
232 367 425 446 ingrediendi
451 379 503 428 aut
530 371 708 447 egrediendi
736 373 827 432 facile
836 369 874 450 14)
962 405 964 409 ·

48 454 192 514 licentia
207 453 428 532 praestabatur.
465 455 495 512 A
510 455 619 534 quibus
634 464 736 515 tamen
751 457 813 517 Dei
830 458 876 517 fa·

50 539 173 614 mulus,
198 558 267 598 cum
283 546 364 598 esset
377 539 507 615 ignotus,
524 559 582 598 nec
596 540 801 618 interrogatus
819 552 874 617 est,

51 643 115 682 nec
128 623 288 702 repulsus.
318 622 428 702 Itaque
443 642 512 682 mox
528 624 684 702 ingressus
703 626 873 701 ecclesiam,

54 715 194 767 cunctos
210 706 249 766 de
265 708 363 766 salute
379 709 501 786 propria
525 708 737 787 desperantes,
763 711 875 770 ieiunio

55 801 88 851 et
102 791 302 852 orationibus
323 801 414 873 atque
432 792 635 872 eleemosynis
651 791 874 873 hortabatur¹⁵)

55 877 366 955 armari,proponens
375 877 518 955 antiquae
530 878 636 938 salutis
649 879 821 958 exemplum
827 875 876 955 ¹⁶),

56 962 176 1041 quibus
200 960 305 1020 divina
323 961 471 1039 protectio
490 963 637 1041 populum
662 984 748 1024 suum
774 972 877 1023 contra
964 1028 970 1047 ‚

57 1048 242 1125 opinionem
257 1041 295 1123 ¹⁷)
322 1045 501 1105 mirabiliter
529 1048 700 1109 liberasset.
739 1046 876 1128 Cumque

57 1131 198 1191 salutem
225 1131 356 1189 omniurn
387 1132 420 1190 in
446 1131 513 1211 ipso
541 1132 722 1193 discriminis
750 1134 877 1193 articulo

60 1215 260 1295 promittenti
279 1214 405 1276 credere
420 1216 609 1290 dubitarent,
630 1238 725 1278 senex
748 1219 800 1298 qui
823 1217 875 1277 du·

60 1300 187 1359 durnin
202 1299 324 1359 Asturis
343 1301 422 1359 tanti
443 1301 571 1379 hospitis
592 1311 750 1381 susceptor
767 1305 877 1362 extite-

60 1396 118 1458 rat,
134 1384 341 1463 renitetque
357 1394 544 1464 apertarum
559 1386 733 1446 custodibus
745 1387 877 1445 sollicita

62 1469 308 1544 interrogatione
333 1468 504 1542 discussus,
527 1472 682 1530 interitum
703 1473 750 1530 sui
774 1470 878 1549 oppidi

61 1553 176 1614 habitu
202 1553 355 1632 verboque
380 1555 573 1627 monstravit,
599 1554 745 1615 adiiciens
770 1555 877 1615 eadem

66 1639 119 1698 die
137 1657 202 1718 qua
216 1637 339 1717 quidam
356 1638 444 1698 homo
460 1641 523 1699 Dei
539 1639 746 1719 praedixerat,
768 1639 876 1700 barba·

64 1743 171 1784 rorum
185 1719 402 1800 vastationeffl)
417 1723 559 1783 deletum.
589 1723 658 1802 Quo
673 1725 777 1785 audito
794 1724 877 1785 solli·

66 1809 122 1868 citi
137 1805 378 1887 responderunt:
400 1816 518 1886 „putea
534 1828 595 1868 non
610 1811 676 1887 ipse
693 1807 801 1888 est19),
824 1811 877 1891 qui

68 1891 245 1971 desperatis
270 1891 360 1952 rebus
387 1894 449 1954 Dei
473 1894 560 1953 nobis
587 1893 723 1954 subsidia
748 1896 876 1974 pollice·

66 1976 165 2038 tur?“
196 1977 270 2034 Mox
284 1976 376 2054 igitur
392 1979 423 2036 in
442 1978 574 2038 ecclesia
587 1981 743 2056 recognito
754 1979 815 2038 Dei
831 1978 876 2036 fa-

67 2061 169 2133 mulo,
191 2079 285 2120 senex
306 2062 436 2139 pedibus
452 2058 564 2138 eius20)
580 2071 748 2141 prostratus
763 2061 875 2136 aiebat,
952 2107 959 2118 .

68 2147 168 2226 ipsius
191 2164 225 2205 se
246 2147 362 2206 meritis
387 2147 562 2220 liberatum,
588 2167 627 2206 ne
656 2166 723 2207 eum
748 2147 876 2207 caeteris

70 2229 253 2312 oppidaneis
268 2229 383 2290 subiret
398 2230 560 2292 excidium.

108 2396 152 2462 13)
171 2399 279 2464 nullique
296 2399 327 2448 B.
342 2401 370 2447 et
381 2399 525 2449 Batonius.

109 2465 152 2519 14)
168 2465 254 2528 facilis
270 2465 304 2515 Β.
324 2470 352 2514 et
368 2466 517 2528 Beronius,
541 2482 595 2532 qua
613 2465 798 2518 discordantia
816 2482 877 2519 sen·

72 2549 123 2586 sus
141 2531 212 2582 alius
230 2548 284 2582 non
303 2532 429 2584 efficitur.

113 2599 153 2662 15)
172 2615 302 2664 praesens
319 2599 478 2651 historicum
496 2602 614 2652 bortatur
632 2601 744 2653 exhibet
760 2603 794 2654 B.

113 2664 153 2724 16)
171 2667 200 2716 in
218 2667 318 2732 plurali
335 2672 452 2733 exempla
469 2670 501 2720 B.
520 2675 548 2720 ct
565 2669 709 2724 Baronius.

111 2733 142 2784 17
172 2739 234 2799 post
251 2735 406 2800 opinionem
429 2739 532 2788 omnium
556 2737 618 2787 add.
636 2738 668 2787 B.
688 2743 716 2788 et
732 2737 877 2788 Batonius.

112 2799 144 2851 18
170 2802 250 2865 fuisse
268 2802 408 2853 interserit
425 2805 457 2854 B.
491 2805 626 2855 Barouius
644 2804 712 2870 legit
729 2806 855 2856 vastitate.

113 2867 154 2934 19)
172 2886 219 2935 pro
233 2886 283 2920 nou
295 2870 406 2920 exhibet
418 2888 448 2922 ne
461 2873 492 2922 B.
507 2877 533 2922 et
546 2873 694 2933 Beronius3
720 2871 813 2936 procul
831 2872 878 2922 du·

74 2939 124 2990 bio
141 2937 228 3002 magis
247 2938 385 2988 conforme
404 2939 506 3004 regulis
524 2940 725 3005 grammatices.

113 3001 155 3069 ¹20)
173 3008 226 3056 eius
241 3005 348 3070 pedibus
366 3007 400 3056 B.
