<?xml version="1.0" encoding="UTF-8"?>
<!DOCTYPE html PUBLIC "-//W3C//DTD XHTML 1.0 Transitional//EN"
    "http://www.w3.org/TR/xhtml1/DTD/xhtml1-transitional.dtd">
<html xmlns="http://www.w3.org/1999/xhtml" xml:lang="en" lang="en">
 <head>
  <title>
</title>
<meta http-equiv="Content-Type" content="text/html;charset=utf-8" />
  <meta name='ocr-system' content='tesseract 3.04.00' />
  <meta name='ocr-capabilities' content='ocr_page ocr_carea ocr_par ocr_line ocrx_word'/>
</head>
<body>
  <div class='ocr_page' id='page_1' title='image "./vitasseverini00kersgoog_0067.png"; bbox 0 0 2154 3678; ppageno 0'>
   <div class='ocr_carea' id='block_1_1' title="bbox 506 225 716 285">
    <p class='ocr_par' dir='ltr' id='par_1_1' title="bbox 506 225 716 285">
     <span class='ocr_line' id='line_1_1' title="bbox 506 225 716 285; baseline -0.01 -21"><span class='ocrx_word' id='word_1_1' title='bbox 506 225 716 285; x_wconf 63' lang='lat'><strong>„40-</strong></span> 
     </span>
    </p>
   </div>
   <div class='ocr_carea' id='block_1_2' title="bbox 204 369 1026 1466">
    <p class='ocr_par' dir='ltr' id='par_1_2' title="bbox 204 369 1026 1466">
     <span class='ocr_line' id='line_1_2' title="bbox 204 369 1023 452; baseline -0.001 -21"><span class='ocrx_word' id='word_1_2' title='bbox 204 374 394 452; x_wconf 85' lang='lat' dir='ltr'><strong>perlustrans</strong></span> <span class='ocrx_word' id='word_1_3' title='bbox 410 372 528 431; x_wconf 88' lang='lat' dir='ltr'><strong>nullum</strong></span> <span class='ocrx_word' id='word_1_4' title='bbox 543 373 621 431; x_wconf 80' lang='lat' dir='ltr'><strong>intra</strong></span> <span class='ocrx_word' id='word_1_5' title='bbox 640 369 709 447; x_wconf 78' lang='lat' dir='ltr'><strong>ee4)</strong></span> <span class='ocrx_word' id='word_1_6' title='bbox 720 373 867 432; x_wconf 83' lang='lat' dir='ltr'><strong>mansisse</strong></span> <span class='ocrx_word' id='word_1_7' title='bbox 878 381 1023 432; x_wconf 82' lang='lat' dir='ltr'><strong>testatur.</strong></span> 
     </span>
     <span class='ocr_line' id='line_1_3' title="bbox 207 453 1023 535; baseline 0.002 -19"><span class='ocrx_word' id='word_1_8' title='bbox 207 455 320 516; x_wconf 83' lang='lat' dir='ltr'><strong>Verum</strong></span> <span class='ocrx_word' id='word_1_9' title='bbox 333 455 447 517; x_wconf 82' lang='lat' dir='ltr'>Christi</span> <span class='ocrx_word' id='word_1_10' title='bbox 461 459 549 516; x_wconf 91' lang='lat' dir='ltr'><strong>miles</strong></span> <span class='ocrx_word' id='word_1_11' title='bbox 561 453 724 535; x_wconf 85' lang='lat' dir='ltr'><strong>Domin0⁵)</strong></span> <span class='ocrx_word' id='word_1_12' title='bbox 737 458 909 516; x_wconf 82' lang='lat' dir='ltr'><strong>revelante:</strong></span> <span class='ocrx_word' id='word_1_13' title='bbox 935 459 1023 533; x_wconf 87' lang='lat' dir='ltr'><strong>„Ne-</strong></span> 
     </span>
     <span class='ocr_line' id='line_1_4' title="bbox 207 541 1026 622; baseline 0.001 -22"><span class='ocrx_word' id='word_1_14' title='bbox 207 542 269 600; x_wconf 85' lang='lat' dir='ltr'><strong>scio</strong></span> <span class='ocrx_word' id='word_1_15' title='bbox 284 543 360 622; x_wconf 85' lang='lat' dir='ltr'><strong>quis,</strong></span> <span class='ocrx_word' id='word_1_16' title='bbox 377 544 427 615; x_wconf 84' lang='lat' dir='ltr'><strong>sit,</strong></span> <span class='ocrx_word' id='word_1_17' title='bbox 448 543 498 602; x_wconf 90' lang='lat' dir='ltr'><strong>hic</strong></span> <span class='ocrx_word' id='word_1_18' title='bbox 515 541 698 601; x_wconf 87' lang='lat' dir='ltr'><strong>delitescit.“</strong></span> <span class='ocrx_word' id='word_1_19' title='bbox 730 543 836 600; x_wconf 82' lang='lat' dir='ltr'><strong>Tertio</strong></span> <span class='ocrx_word' id='word_1_20' title='bbox 852 544 960 622; x_wconf 81' lang='lat' dir='ltr'><strong>itaque</strong></span> <span class='ocrx_word' id='word_1_21' title='bbox 980 543 1026 601; x_wconf 93' lang='lat' dir='ltr'><strong>di-</strong></span> 
     </span>
     <span class='ocr_line' id='line_1_5' title="bbox 207 626 1024 706; baseline 0.002 -22"><span class='ocrx_word' id='word_1_22' title='bbox 207 626 351 703; x_wconf 84' lang='lat' dir='ltr'><strong>ligentius</strong></span> <span class='ocrx_word' id='word_1_23' title='bbox 367 635 577 706; x_wconf 80' lang='lat' dir='ltr'><strong>perscrutans,</strong></span> <span class='ocrx_word' id='word_1_24' title='bbox 601 626 763 706; x_wconf 84' lang='lat' dir='ltr'><strong>quamdam</strong></span> <span class='ocrx_word' id='word_1_25' title='bbox 785 628 903 686; x_wconf 87' lang='lat' dir='ltr'><strong>invenit</strong></span> <span class='ocrx_word' id='word_1_26' title='bbox 925 629 1024 705; x_wconf 86' lang='lat' dir='ltr'><strong>virgi·</strong></span> 
     </span>
     <span class='ocr_line' id='line_1_6' title="bbox 207 711 1023 784; baseline 0.001 -16"><span class='ocrx_word' id='word_1_27' title='bbox 207 731 276 769; x_wconf 86' lang='lat' dir='ltr'><strong>nem</strong></span> <span class='ocrx_word' id='word_1_28' title='bbox 293 721 515 784; x_wconf 80' lang='lat' dir='ltr'>consecratam,</span> <span class='ocrx_word' id='word_1_29' title='bbox 540 711 616 771; x_wconf 87' lang='lat' dir='ltr'><strong>locis</strong></span> <span class='ocrx_word' id='word_1_30' title='bbox 639 731 672 770; x_wconf 88' lang='lat' dir='ltr'><strong>se</strong></span> <span class='ocrx_word' id='word_1_31' title='bbox 697 711 912 773; x_wconf 77' lang='lat' dir='ltr'><strong>occultioribus</strong></span> <span class='ocrx_word' id='word_1_32' title='bbox 931 712 1023 771; x_wconf 76' lang='lat' dir='ltr'><strong>abdi·</strong></span> 
     </span>
     <span class='ocr_line' id='line_1_7' title="bbox 208 792 1025 876; baseline 0.001 -23"><span class='ocrx_word' id='word_1_33' title='bbox 208 795 304 872; x_wconf 82' lang='lat' dir='ltr'><strong>disse3</strong></span> <span class='ocrx_word' id='word_1_34' title='bbox 332 797 412 855; x_wconf 79' lang='lat' dir='ltr'><strong>hanc</strong></span> <span class='ocrx_word' id='word_1_35' title='bbox 436 792 543 874; x_wconf 67' lang='lat' dir='ltr'><strong>ergoss)</strong></span> <span class='ocrx_word' id='word_1_36' title='bbox 566 807 748 856; x_wconf 83' lang='lat' dir='ltr'><strong>memoratus</strong></span> <span class='ocrx_word' id='word_1_37' title='bbox 777 797 821 854; x_wconf 88' lang='lat' dir='ltr'><strong>sic</strong></span> <span class='ocrx_word' id='word_1_38' title='bbox 846 796 1025 876; x_wconf 78' lang='lat' dir='ltr'><strong>increpavit</strong></span> 
     </span>
     <span class='ocr_line' id='line_1_8' title="bbox 207 877 1023 959; baseline 0.004 -21"><span class='ocrx_word' id='word_1_39' title='bbox 207 880 363 940; x_wconf 77' lang='lat' dir='ltr'><strong>aedituus:</strong></span> <span class='ocrx_word' id='word_1_40' title='bbox 388 879 471 953; x_wconf 82' lang='lat' dir='ltr'><strong>„Gur</strong></span> <span class='ocrx_word' id='word_1_41' title='bbox 485 877 607 958; x_wconf 84' lang='lat' dir='ltr'><strong>isthic⁷)</strong></span> <span class='ocrx_word' id='word_1_42' title='bbox 623 881 806 940; x_wconf 82' lang='lat' dir='ltr'><strong>famuloDei</strong></span> <span class='ocrx_word' id='word_1_43' title='bbox 819 883 919 959; x_wconf 88' lang='lat' dir='ltr'><strong>posito</strong></span> <span class='ocrx_word' id='word_1_44' title='bbox 934 891 1023 941; x_wconf 84' lang='lat' dir='ltr'><strong>tuam</strong></span> 
     </span>
     <span class='ocr_line' id='line_1_9' title="bbox 207 962 1024 1045; baseline 0.002 -22"><span class='ocrx_word' id='word_1_45' title='bbox 207 965 375 1027; x_wconf 85' lang='lat' dir='ltr'><strong>credideris</strong></span> <span class='ocrx_word' id='word_1_46' title='bbox 383 962 408 1042; x_wconf 78' lang='grc'><strong>8)</strong></span> <span class='ocrx_word' id='word_1_47' title='bbox 426 967 562 1043; x_wconf 84' lang='lat' dir='ltr'><strong>potuisse</strong></span> <span class='ocrx_word' id='word_1_48' title='bbox 578 965 674 1023; x_wconf 88' lang='lat' dir='ltr'><strong>latere</strong></span> <span class='ocrx_word' id='word_1_49' title='bbox 689 965 946 1045; x_wconf 79' lang='lat' dir='ltr'><strong>praesentiam?“</strong></span> <span class='ocrx_word' id='word_1_50' title='bbox 978 968 1024 1025; x_wconf 87' lang='lat' dir='ltr'><strong>At</strong></span> 
     </span>
     <span class='ocr_line' id='line_1_10' title="bbox 205 1049 1022 1127; baseline 0.005 -21"><span class='ocrx_word' id='word_1_51' title='bbox 205 1049 278 1106; x_wconf 87' lang='lat' dir='ltr'><strong>illa:</strong></span> <span class='ocrx_word' id='word_1_52' title='bbox 308 1050 478 1122; x_wconf 82' lang='lat' dir='ltr'><strong>„Pietatis‚</strong></span> <span class='ocrx_word' id='word_1_53' title='bbox 506 1051 618 1127; x_wconf 85' lang='lat' dir='ltr'><strong>inquit,</strong></span> <span class='ocrx_word' id='word_1_54' title='bbox 640 1069 688 1107; x_wconf 91' lang='lat' dir='ltr'><strong>me</strong></span> <span class='ocrx_word' id='word_1_55' title='bbox 711 1070 794 1109; x_wconf 83' lang='lat' dir='ltr'><strong>amor</strong></span> <span class='ocrx_word' id='word_1_56' title='bbox 815 1051 889 1110; x_wconf 81' lang='lat' dir='ltr'><strong>talia</strong></span> <span class='ocrx_word' id='word_1_57' title='bbox 912 1052 1022 1111; x_wconf 80' lang='lat' dir='ltr'><strong>faeere</strong></span> 
     </span>
     <span class='ocr_line' id='line_1_11' title="bbox 205 1133 1021 1216; baseline 0.004 -25"><span class='ocrx_word' id='word_1_58' title='bbox 205 1135 372 1211; x_wconf 83' lang='lat' dir='ltr'><strong>persuasit3</strong></span> <span class='ocrx_word' id='word_1_59' title='bbox 394 1133 504 1192; x_wconf 86' lang='lat' dir='ltr'><strong>videns</strong></span> <span class='ocrx_word' id='word_1_60' title='bbox 530 1134 611 1192; x_wconf 90' lang='lat' dir='ltr'><strong>enim</strong></span> <span class='ocrx_word' id='word_1_61' title='bbox 637 1143 761 1200; x_wconf 84' lang='lat' dir='ltr'><strong>cunctos</strong></span> <span class='ocrx_word' id='word_1_62' title='bbox 784 1136 866 1194; x_wconf 81' lang='lat' dir='ltr'><strong>foras</strong></span> <span class='ocrx_word' id='word_1_63' title='bbox 890 1137 1021 1216; x_wconf 84' lang='lat' dir='ltr'><strong>expelli,</strong></span> 
     </span>
     <span class='ocr_line' id='line_1_12' title="bbox 207 1215 1022 1298; baseline 0.006 -23"><span class='ocrx_word' id='word_1_64' title='bbox 207 1218 340 1294; x_wconf 81' lang='lat' dir='ltr'><strong>cogitavi</strong></span> <span class='ocrx_word' id='word_1_65' title='bbox 347 1215 372 1295; x_wconf 83' lang='lat'><strong>⁹)</strong></span> <span class='ocrx_word' id='word_1_66' title='bbox 389 1239 516 1291; x_wconf 90' lang='lat' dir='ltr'><strong>mecum,</strong></span> <span class='ocrx_word' id='word_1_67' title='bbox 533 1217 613 1298; x_wconf 90' lang='lat' dir='ltr'><strong>quod</strong></span> <span class='ocrx_word' id='word_1_68' title='bbox 629 1239 734 1279; x_wconf 86' lang='lat' dir='ltr'><strong>servus</strong></span> <span class='ocrx_word' id='word_1_69' title='bbox 747 1218 860 1279; x_wconf 82' lang='lat' dir='ltr'><strong>Christi</strong></span> <span class='ocrx_word' id='word_1_70' title='bbox 875 1222 1022 1280; x_wconf 77' lang='lat' dir='ltr'><strong>invocato</strong></span> 
     </span>
     <span class='ocr_line' id='line_1_13' title="bbox 207 1301 1020 1381; baseline 0.005 -21"><span class='ocrx_word' id='word_1_71' title='bbox 207 1301 311 1362; x_wconf 84' lang='lat' dir='ltr'><strong>divina</strong></span> <span class='ocrx_word' id='word_1_72' title='bbox 326 1304 486 1363; x_wconf 82' lang='lat' dir='ltr'><strong>maiestate</strong></span> <span class='ocrx_word' id='word_1_73' title='bbox 507 1313 699 1381; x_wconf 83' lang='lat' dir='ltr'><strong>praesentem</strong></span> <span class='ocrx_word' id='word_1_74' title='bbox 719 1314 867 1363; x_wconf 86' lang='lat' dir='ltr'><strong>mortuum</strong></span> <span class='ocrx_word' id='word_1_75' title='bbox 888 1309 1020 1364; x_wconf 80' lang='lat' dir='ltr'><strong>suscita-</strong></span> 
     </span>
     <span class='ocr_line' id='line_1_14' title="bbox 204 1389 1020 1466; baseline 0.005 -21"><span class='ocrx_word' id='word_1_76' title='bbox 204 1396 263 1448; x_wconf 85' lang='lat' dir='ltr'><strong>ret.</strong></span> <span class='ocrx_word' id='word_1_77' title='bbox 301 1389 446 1448; x_wconf 86' lang='lat' dir='ltr'><strong>Exeunte</strong></span> <span class='ocrx_word' id='word_1_78' title='bbox 468 1390 559 1466; x_wconf 81' lang='lat' dir='ltr'><strong>igitur</strong></span> <span class='ocrx_word' id='word_1_79' title='bbox 578 1399 743 1448; x_wconf 83' lang='lat' dir='ltr'><strong>memorate</strong></span> <span class='ocrx_word' id='word_1_80' title='bbox 765 1391 900 1466; x_wconf 83' lang='lat' dir='ltr'><strong>virgine,</strong></span> <span class='ocrx_word' id='word_1_81' title='bbox 926 1390 1020 1449; x_wconf 85' lang='lat' dir='ltr'><strong>homo</strong></span> 
     </span>
    </p>
   </div>
   <div class='ocr_carea' id='block_1_3' title="bbox 112 1472 1019 1554">
    <p class='ocr_par' dir='ltr' id='par_1_3' title="bbox 112 1472 1019 1554">
     <span class='ocr_line' id='line_1_15' title="bbox 112 1472 1019 1554; baseline 0.004 -24"><span class='ocrx_word' id='word_1_82' title='bbox 112 1546 115 1550; x_wconf 12' lang='grc' dir='ltr'><strong>Α</strong></span> <span class='ocrx_word' id='word_1_83' title='bbox 204 1472 267 1531; x_wconf 88' lang='lat' dir='ltr'><strong>Dei</strong></span> <span class='ocrx_word' id='word_1_84' title='bbox 284 1473 561 1554; x_wconf 81' lang='lat' dir='ltr'><strong>compresbytero,</strong></span> <span class='ocrx_word' id='word_1_85' title='bbox 583 1482 614 1532; x_wconf 91' lang='lat' dir='ltr'><strong>et</strong></span> <span class='ocrx_word' id='word_1_86' title='bbox 632 1472 760 1532; x_wconf 80' lang='lat' dir='ltr'><strong>diacono</strong></span> <span class='ocrx_word' id='word_1_87' title='bbox 775 1475 1019 1554; x_wconf 86' lang='lat' dir='ltr'><strong>ianitoribusque</strong></span> 
     </span>
    </p>
   </div>
   <div class='ocr_carea' id='block_1_4' title="bbox 203 1554 1019 2148">
    <p class='ocr_par' dir='ltr' id='par_1_4' title="bbox 203 1554 1019 2148">
     <span class='ocr_line' id='line_1_16' title="bbox 208 1554 1018 1634; baseline 0.005 -20"><span class='ocrx_word' id='word_1_88' title='bbox 208 1554 325 1616; x_wconf 88' lang='lat' dir='ltr'><strong>duobus</strong></span> <span class='ocrx_word' id='word_1_89' title='bbox 342 1559 373 1617; x_wconf 90' lang='lat' dir='ltr'><strong>in</strong></span> <span class='ocrx_word' id='word_1_90' title='bbox 395 1560 529 1618; x_wconf 85' lang='lat' dir='ltr'><strong>oratione</strong></span> <span class='ocrx_word' id='word_1_91' title='bbox 547 1568 689 1617; x_wconf 84' lang='lat' dir='ltr'><strong>curvatus</strong></span> <span class='ocrx_word' id='word_1_92' title='bbox 705 1561 803 1617; x_wconf 84' lang='lat' dir='ltr'><strong>oravit</strong></span> <span class='ocrx_word' id='word_1_93' title='bbox 813 1555 851 1634; x_wconf 82' lang='grc'><strong>10)</strong></span> <span class='ocrx_word' id='word_1_94' title='bbox 868 1559 941 1618; x_wconf 85' lang='lat' dir='ltr'><strong>fletu</strong></span> <span class='ocrx_word' id='word_1_95' title='bbox 956 1561 1018 1618; x_wconf 79' lang='lat' dir='ltr'><strong>lar-</strong></span> 
     </span>
     <span class='ocr_line' id='line_1_17' title="bbox 204 1640 1019 1722; baseline 0.004 -23"><span class='ocrx_word' id='word_1_96' title='bbox 204 1641 345 1718; x_wconf 85' lang='lat' dir='ltr'><strong>gissimo,</strong></span> <span class='ocrx_word' id='word_1_97' title='bbox 369 1653 409 1704; x_wconf 59' lang='lat' dir='ltr'><strong>uti</strong></span> <span class='ocrx_word' id='word_1_98' title='bbox 426 1663 501 1722; x_wconf 88' lang='lat' dir='ltr'><strong>opus</strong></span> <span class='ocrx_word' id='word_1_99' title='bbox 518 1644 628 1702; x_wconf 82' lang='lat' dir='ltr'><strong>solitae</strong></span> <span class='ocrx_word' id='word_1_100' title='bbox 643 1644 811 1703; x_wconf 81' lang='lat' dir='ltr'><strong>malestatis</strong></span> <span class='ocrx_word' id='word_1_101' title='bbox 833 1640 1019 1722; x_wconf 74' lang='lat' dir='ltr'><strong>superna²¹)</strong></span> 
     </span>
     <span class='ocr_line' id='line_1_18' title="bbox 203 1726 1019 1807; baseline 0.006 -23"><span class='ocrx_word' id='word_1_102' title='bbox 203 1727 300 1784; x_wconf 85' lang='lat' dir='ltr'><strong>virtus</strong></span> <span class='ocrx_word' id='word_1_103' title='bbox 325 1726 511 1788; x_wconf 87' lang='lat' dir='ltr'><strong>ostenderet.</strong></span> <span class='ocrx_word' id='word_1_104' title='bbox 548 1727 638 1786; x_wconf 84' lang='lat' dir='ltr'><strong>Tunc</strong></span> <span class='ocrx_word' id='word_1_105' title='bbox 657 1729 823 1788; x_wconf 82' lang='lat' dir='ltr'><strong>orationem</strong></span> <span class='ocrx_word' id='word_1_106' title='bbox 843 1729 1019 1807; x_wconf 83' lang='lat' dir='ltr'><strong>complente</strong></span> 
     </span>
     <span class='ocr_line' id='line_1_19' title="bbox 203 1806 1018 1892; baseline 0.007 -24"><span class='ocrx_word' id='word_1_107' title='bbox 203 1806 448 1889; x_wconf 84' lang='lat' dir='ltr'><strong>presbytero¹²),</strong></span> <span class='ocrx_word' id='word_1_108' title='bbox 472 1813 516 1870; x_wconf 81' lang='lat' dir='ltr'><strong>ita</strong></span> <span class='ocrx_word' id='word_1_109' title='bbox 538 1813 670 1871; x_wconf 81' lang='lat' dir='ltr'><strong>cadaver</strong></span> <span class='ocrx_word' id='word_1_110' title='bbox 690 1814 736 1872; x_wconf 85' lang='lat' dir='ltr'><strong>vir</strong></span> <span class='ocrx_word' id='word_1_111' title='bbox 757 1813 864 1872; x_wconf 85' lang='lat' dir='ltr'><strong>beatus</strong></span> <span class='ocrx_word' id='word_1_112' title='bbox 886 1813 1018 1892; x_wconf 83' lang='lat' dir='ltr'><strong>elloqui—</strong></span> 
     </span>
     <span class='ocr_line' id='line_1_20' title="bbox 203 1892 1018 1973; baseline 0.005 -19"><span class='ocrx_word' id='word_1_113' title='bbox 203 1906 269 1954; x_wconf 87' lang='lat' dir='ltr'><strong>tur:</strong></span> <span class='ocrx_word' id='word_1_114' title='bbox 302 1896 365 1970; x_wconf 89' lang='lat' dir='ltr'><strong>„In</strong></span> <span class='ocrx_word' id='word_1_115' title='bbox 386 1892 506 1956; x_wconf 78' lang='lat' dir='ltr'><strong>nomine</strong></span> <span class='ocrx_word' id='word_1_116' title='bbox 530 1897 655 1956; x_wconf 89' lang='lat' dir='ltr'><strong>Domini</strong></span> <span class='ocrx_word' id='word_1_117' title='bbox 677 1899 773 1956; x_wconf 87' lang='lat' dir='ltr'><strong>nostri</strong></span> <span class='ocrx_word' id='word_1_118' title='bbox 795 1899 866 1957; x_wconf 88' lang='lat' dir='ltr'><strong>Iesu</strong></span> <span class='ocrx_word' id='word_1_119' title='bbox 889 1895 1018 1973; x_wconf 82' lang='lat' dir='ltr'><strong>Christi,</strong></span> 
     </span>
     <span class='ocr_line' id='line_1_21' title="bbox 203 1980 1018 2062; baseline 0.004 -22"><span class='ocrx_word' id='word_1_120' title='bbox 203 1988 309 2040; x_wconf 82' lang='lat' dir='ltr'><strong>sancte</strong></span> <span class='ocrx_word' id='word_1_121' title='bbox 328 1980 490 2059; x_wconf 86' lang='lat' dir='ltr'><strong>presbyter</strong></span> <span class='ocrx_word' id='word_1_122' title='bbox 499 1981 627 2056; x_wconf 82' lang='lat' dir='ltr'><strong>Silvine,</strong></span> <span class='ocrx_word' id='word_1_123' title='bbox 643 1982 770 2062; x_wconf 86' lang='lat' dir='ltr'><strong>loquere</strong></span> <span class='ocrx_word' id='word_1_124' title='bbox 786 2003 852 2041; x_wconf 91' lang='lat' dir='ltr'><strong>cum</strong></span> <span class='ocrx_word' id='word_1_125' title='bbox 868 1983 1018 2043; x_wconf 83' lang='lat' dir='ltr'><strong>fratribus</strong></span> 
     </span>
     <span class='ocr_line' id='line_1_22' title="bbox 203 2065 1016 2148; baseline 0.006 -26"><span class='ocrx_word' id='word_1_126' title='bbox 203 2066 300 2124; x_wconf 88' lang='lat' dir='ltr'><strong>tuis.“</strong></span> <span class='ocrx_word' id='word_1_127' title='bbox 349 2065 392 2123; x_wconf 82' lang='lat' dir='ltr'><strong>At</strong></span> <span class='ocrx_word' id='word_1_128' title='bbox 418 2066 471 2125; x_wconf 90' lang='lat' dir='ltr'><strong>ubi</strong></span> <span class='ocrx_word' id='word_1_129' title='bbox 496 2067 606 2127; x_wconf 84' lang='lat' dir='ltr'><strong>oculos</strong></span> <span class='ocrx_word' id='word_1_130' title='bbox 640 2066 801 2126; x_wconf 83' lang='lat' dir='ltr'><strong>defunctus</strong></span> <span class='ocrx_word' id='word_1_131' title='bbox 830 2069 947 2146; x_wconf 81' lang='lat' dir='ltr'><strong>aperuit</strong></span> <span class='ocrx_word' id='word_1_132' title='bbox 961 2065 1016 2148; x_wconf 85' lang='lat'><strong>¹³),</strong></span> 
     </span>
    </p>
   </div>
   <div class='ocr_carea' id='block_1_5' title="bbox 201 2261 1011 3056">
    <p class='ocr_par' dir='ltr' id='par_1_5' title="bbox 201 2261 1011 3056">
     <span class='ocr_line' id='line_1_23' title="bbox 252 2261 401 2328; baseline 0.013 -16"><span class='ocrx_word' id='word_1_133' title='bbox 252 2261 279 2328; x_wconf 81' lang='lat'><strong>4)</strong></span> <span class='ocrx_word' id='word_1_134' title='bbox 298 2280 353 2314; x_wconf 85' lang='lat' dir='ltr'><strong>eam</strong></span> <span class='ocrx_word' id='word_1_135' title='bbox 369 2267 401 2314; x_wconf 90' lang='lat' dir='ltr'><strong>B.</strong></span> 
     </span>
     <span class='ocr_line' id='line_1_24' title="bbox 253 2331 477 2396; baseline 0.013 -16"><span class='ocrx_word' id='word_1_136' title='bbox 253 2331 281 2396; x_wconf 81' lang='lat'><strong>5)</strong></span> <span class='ocrx_word' id='word_1_137' title='bbox 299 2332 348 2380; x_wconf 78' lang='lat' dir='ltr'><strong>cibi</strong></span> <span class='ocrx_word' id='word_1_138' title='bbox 365 2333 426 2382; x_wconf 82' lang='lat' dir='ltr'><strong>add.</strong></span> <span class='ocrx_word' id='word_1_139' title='bbox 444 2335 477 2383; x_wconf 94' lang='grc' dir='ltr'><strong>Β.</strong></span> 
     </span>
     <span class='ocr_line' id='line_1_25' title="bbox 253 2397 500 2464; baseline 0.008 -16"><span class='ocrx_word' id='word_1_140' title='bbox 253 2397 280 2462; x_wconf 88' lang='grc'><strong>6)</strong></span> <span class='ocrx_word' id='word_1_141' title='bbox 300 2415 372 2463; x_wconf 84' lang='lat' dir='ltr'><strong>quam</strong></span> <span class='ocrx_word' id='word_1_142' title='bbox 390 2415 451 2464; x_wconf 74' lang='lat' dir='ltr'><strong>erpo</strong></span> <span class='ocrx_word' id='word_1_143' title='bbox 468 2401 500 2450; x_wconf 89' lang='grc' dir='ltr'><strong>Β.</strong></span> 
     </span>
     <span class='ocr_line' id='line_1_26' title="bbox 253 2466 567 2527; baseline 0.01 -13"><span class='ocrx_word' id='word_1_144' title='bbox 253 2466 279 2527; x_wconf 88' lang='grc'><strong>7)</strong></span> <span class='ocrx_word' id='word_1_145' title='bbox 298 2466 426 2516; x_wconf 88' lang='lat' dir='ltr'><strong>mendose</strong></span> <span class='ocrx_word' id='word_1_146' title='bbox 445 2470 518 2517; x_wconf 77' lang='lat' dir='ltr'><strong>istius</strong></span> <span class='ocrx_word' id='word_1_147' title='bbox 536 2467 567 2517; x_wconf 83' lang='lat' dir='ltr'><strong>A.</strong></span> 
     </span>
     <span class='ocr_line' id='line_1_27' title="bbox 251 2532 478 2597; baseline 0.009 -15"><span class='ocrx_word' id='word_1_148' title='bbox 251 2532 278 2597; x_wconf 92' lang='grc'><strong>8)</strong></span> <span class='ocrx_word' id='word_1_149' title='bbox 297 2535 431 2584; x_wconf 79' lang='lat' dir='ltr'><strong>credidisti</strong></span> <span class='ocrx_word' id='word_1_150' title='bbox 446 2535 478 2584; x_wconf 92' lang='lat' dir='ltr'><strong>B.</strong></span> 
     </span>
     <span class='ocr_line' id='line_1_28' title="bbox 252 2597 432 2665; baseline 0.006 -15"><span class='ocrx_word' id='word_1_151' title='bbox 252 2597 279 2664; x_wconf 84' lang='lat'><strong>9)</strong></span> <span class='ocrx_word' id='word_1_152' title='bbox 297 2606 384 2665; x_wconf 81' lang='lat' dir='ltr'><strong>putavi</strong></span> <span class='ocrx_word' id='word_1_153' title='bbox 401 2602 432 2651; x_wconf 92' lang='grc' dir='ltr'><strong>Β.</strong></span> 
     </span>
     <span class='ocr_line' id='line_1_29' title="bbox 237 2667 482 2733; baseline 0.012 -16"><span class='ocrx_word' id='word_1_154' title='bbox 237 2667 279 2730; x_wconf 85' lang='grc'><strong>10)</strong></span> <span class='ocrx_word' id='word_1_155' title='bbox 296 2672 433 2733; x_wconf 77' lang='lat' dir='ltr'><strong>postolavit</strong></span> <span class='ocrx_word' id='word_1_156' title='bbox 450 2670 482 2720; x_wconf 92' lang='grc' dir='ltr'><strong>Β.</strong></span> 
     </span>
     <span class='ocr_line' id='line_1_30' title="bbox 237 2735 430 2800; baseline 0.016 -16"><span class='ocrx_word' id='word_1_157' title='bbox 237 2735 279 2800; x_wconf 90' lang='grc'><strong>11)</strong></span> <span class='ocrx_word' id='word_1_158' title='bbox 298 2738 383 2787; x_wconf 81' lang='lat' dir='ltr'><strong>divina</strong></span> <span class='ocrx_word' id='word_1_159' title='bbox 399 2739 430 2787; x_wconf 92' lang='grc' dir='ltr'><strong>Β.</strong></span> 
     </span>
     <span class='ocr_line' id='line_1_31' title="bbox 237 2803 807 2872; baseline 0.012 -20"><span class='ocrx_word' id='word_1_160' title='bbox 237 2803 278 2868; x_wconf 78' lang='lat'><strong>12)</strong></span> <span class='ocrx_word' id='word_1_161' title='bbox 297 2808 413 2856; x_wconf 81' lang='lat' dir='ltr'><strong>oratione</strong></span> <span class='ocrx_word' id='word_1_162' title='bbox 431 2809 555 2870; x_wconf 79' lang='lat' dir='ltr'><strong>completa</strong></span> <span class='ocrx_word' id='word_1_163' title='bbox 572 2823 588 2855; x_wconf 85' lang='lat' dir='ltr'><em>a</em></span> <span class='ocrx_word' id='word_1_164' title='bbox 604 2807 756 2872; x_wconf 73' lang='lat' dir='ltr'><strong>presbytero</strong></span> <span class='ocrx_word' id='word_1_165' title='bbox 774 2809 807 2858; x_wconf 87' lang='lat' dir='ltr'><strong>B.</strong></span> 
     </span>
     <span class='ocr_line' id='line_1_32' title="bbox 236 2870 1011 2939; baseline 0.012 -19"><span class='ocrx_word' id='word_1_166' title='bbox 236 2870 278 2935; x_wconf 89' lang='lat'><strong>13)</strong></span> <span class='ocrx_word' id='word_1_167' title='bbox 297 2871 361 2922; x_wconf 82' lang='lat' dir='ltr'><strong>Alio</strong></span> <span class='ocrx_word' id='word_1_168' title='bbox 383 2878 520 2923; x_wconf 82' lang='lat' dir='ltr'><strong>structura</strong></span> <span class='ocrx_word' id='word_1_169' title='bbox 544 2890 655 2939; x_wconf 87' lang='lat' dir='ltr'><strong>gramm.</strong></span> <span class='ocrx_word' id='word_1_170' title='bbox 682 2875 802 2926; x_wconf 84' lang='lat' dir='ltr'><strong>efficitur</strong></span> <span class='ocrx_word' id='word_1_171' title='bbox 831 2893 864 2926; x_wconf 85' lang='lat' dir='ltr'><strong>ex</strong></span> <span class='ocrx_word' id='word_1_172' title='bbox 890 2877 1011 2930; x_wconf 86' lang='lat' dir='ltr'><strong>lectione</strong></span> 
     </span>
     <span class='ocr_line' id='line_1_33' title="bbox 201 2939 1010 3056; baseline 0.012 -69"><span class='ocrx_word' id='word_1_173' title='bbox 201 2939 266 3056; x_wconf 52' lang='lat' dir='ltr'><strong>god.</strong></span> <span class='ocrx_word' id='word_1_174' title='bbox 280 2940 312 2988; x_wconf 89' lang='lat' dir='ltr'><strong>B.</strong></span> <span class='ocrx_word' id='word_1_175' title='bbox 333 2941 378 3005; x_wconf 92' lang='lat' dir='ltr'><strong>qui</strong></span> <span class='ocrx_word' id='word_1_176' title='bbox 396 2941 482 2990; x_wconf 85' lang='lat' dir='ltr'><strong>habet</strong></span> <span class='ocrx_word' id='word_1_177' title='bbox 500 2947 525 2991; x_wconf 83' lang='lat' dir='ltr'><strong>et</strong></span> <span class='ocrx_word' id='word_1_178' title='bbox 542 2942 624 2992; x_wconf 80' lang='lat' dir='ltr'><strong>cubito</strong></span> <span class='ocrx_word' id='word_1_179' title='bbox 643 2946 728 2992; x_wconf 80' lang='lat' dir='ltr'><strong>oeulos</strong></span> <span class='ocrx_word' id='word_1_180' title='bbox 746 2945 881 3007; x_wconf 75' lang='lat' dir='ltr'><strong>defunctos</strong></span> <span class='ocrx_word' id='word_1_181' title='bbox 899 2950 1010 3009; x_wconf 82' lang='lat' dir='ltr'><strong>aperuit.</strong></span> 
     </span>
     <span class='ocr_line' id='line_1_34' title="bbox 221 3007 330 3056; baseline -0.009 0"><span class='ocrx_word' id='word_1_182' title='bbox 221 3007 260 3056; x_wconf 77' lang='lat' dir='ltr'><strong>&#39;1&#39;oe</strong></span> <span class='ocrx_word' id='word_1_183' title='bbox 277 3012 330 3056; x_wconf 89' lang='lat' dir='ltr'><strong>etc.</strong></span> 
     </span>
    </p>
   </div>
   <div class='ocr_carea' id='block_1_6' title="bbox 0 0 1082 3678">
    <p class='ocr_par' dir='ltr' id='par_1_6' title="bbox 0 0 1082 3678">
     <span class='ocr_line' id='line_1_35' title="bbox 0 0 1082 3678; baseline 0 2"><span class='ocrx_word' id='word_1_184' title='bbox 0 0 1082 3678; x_wconf 95' lang='lat' dir='ltr'><strong> </strong></span> 
     </span>
    </p>
   </div>
  </div>
 </body>
</html>
