2154 3678
776 170 789 211 l

523 239 735 326 ..89-

226 385 462 466 Neapolitanoll
478 388 590 468 populo
608 389 761 468 exsequiis
775 389 1003 448 revertentibus
1013 387 1035 467 6)

228 482 416 547 occurrente,
438 475 468 531 in
484 473 611 532 ¹castello
627 474 798 533 Lucullano
814 493 869 552 per
883 494 992 533 manus
1006 475 1036 534 S.

209 557 361 616 ,Victoris
381 559 531 638 episcopi,
548 559 579 616 in
587 555 612 635 ⁷)
629 559 800 633 mausoleo,
819 557 899 638 quod
915 560 1036 636 praedi-

229 652 277 702 cte
293 643 425 702 foemina
437 641 572 702 condidit
581 639 617 720 8),
632 644 814 702 collocatum
828 652 884 704 est.

293 727 362 804 Qua
383 728 560 787 celebritate
580 729 667 786 multi
688 728 885 805 languoribus
909 727 1037 786 diversis

230 813 352 884 afflicti,
368 833 443 892 quos
458 833 621 872 recensere
637 814 760 890 longum
776 823 835 886 est,
855 821 1040 892 receperunt

228 899 365 975 protinus
378 899 549 956 sanitatem.
584 897 669 956 Inter
687 918 762 976 quos
777 897 929 977 quaedam
943 918 1037 957 vene-

229 981 335 1040 rabilis
352 982 464 1040 ancilla
478 983 549 1054 Dei,
566 983 855 1054 Processanomine‚
872 984 946 1041 civis
954 982 1037 1040 Nea·

166 1079 169 1088 ’
229 1065 376 1145 politana,
393 1085 461 1124 cum
476 1067 686 1144 gravissimum
702 1059 901 1144 aegritudinis
917 1077 1037 1145 patere-

229 1161 278 1208 tur
293 1149 532 1222 incommodnm‚
551 1152 649 1210 sancti
665 1152 780 1210 funeris
796 1155 968 1231 provocata¹
978 1153 1036 1210 vir·

229 1234 360 1306 tutibus,
381 1232 524 1313 itinerel)
546 1246 744 1314 properanter
764 1239 911 1308 occurrit,
939 1245 969 1294 et
995 1238 1036 1294 in·

203 1335 207 1340 ’
230 1339 335 1398 gressa
349 1319 405 1377 sub
423 1321 565 1379 vehiculo
578 1317 634 1398 10),
661 1340 726 1400 quo·
737 1341 846 1400 corpus
860 1321 1036 1380 venerabile

231 1404 417 1484 portabatur,
426 1407 526 1464 statim
539 1406 634 1464 caruit
646 1407 777 1464 omnium
789 1407 935 1483 languore
947 1427 1036 1464 mern-

230 1491 360 1549 brorum.

295 1577 388 1634 Tune
403 1583 433 1633 et
448 1573 612 1634 Leodicius
632 1573 755 1654 quidam
774 1594 900 1646 coecus,
922 1575 1036 1653 inoppi-

232 1654 351 1736 nato¹¹)
383 1660 546 1737 psallentis
575 1660 681 1739 populi
714 1659 845 1719 clamore
873 1660 1035 1739 perculsus,

232 1743 362 1803 sollicite
391 1739 460 1801 suos
487 1743 561 1823 quid
589 1753 671 1803 esset
689 1745 866 1822 interrogat.
905 1735 1036 1824 Respon·

234 1827 374 1886 dentibus
404 1827 486 1908 quod
519 1827 675 1887 cuiusdam
703 1829 733 1889 S.
760 1827 903 1889 Severini
934 1848 1036 1908 corpus

232 1913 390 1986 transiret,
412 1921 608 1991 compunctus
625 1913 664 1972 ed
686 1913 852 1972 fenestram
861 1910 900 1990 12)
921 1914 1036 1972 seduci

232 2007 328 2076 rogat.
359 1996 496 2076 Cumque
518 1997 674 2058 fenestrae
691 1993 831 2076 nixusffl)
855 1999 1037 2059 incumberet

283 2214 312 2280 5)
331 2217 516 2280 Neapolitanae
533 2216 566 2264 A.

282 2281 314 2362 li)
332 2285 478 2332 reverendis
489 2283 520 2331 B.
539 2283 666 2349 Exequiic
677 2285 860 2335 revertentibus
871 2303 905 2328 =
918 2285 1037 2335 anniver-

200 2449 201 2453 =
234 2365 359 2482 sauilio
377 2432 429 2466 om.
447 2417 479 2466 B.
588 2473 590 2478 ,

259 2532 266 2540 ,
285 2484 314 2549 8)
334 2502 368 2535 ea
385 2490 461 2548 parte
478 2485 619 2535 interserit
635 2487 668 2535 Β.

285 2551 311 2615 9)
331 2555 357 2602 ia
374 2554 465 2602 itinere
483 2553 515 2601 Β.

272 2618 314 2683 10)
333 2621 467 2670 vehiculum
483 2620 515 2669 B.

271 2687 315 2768 11)
334 2690 467 2753 inopinata
483 2687 529 2737 A.:
557 2689 687 2754 peccavit
705 2696 800 2740 contra
819 2691 931 2756 regulas
950 2691 1037 2742 Gran·

235 2761 432 2888 mitificans,
451 2825 477 2873 in
496 2824 690 2890 praecurrebat,
713 2841 741 2875 oe
759 2827 818 2876 duci
833 2835 920 2891 rapat,
947 2829 979 2877 de
997 2838 1040 2892 que

234 2899 339 2956 poterat
355 2909 371 2941 a
388 2893 458 2941 oanis
476 2894 568 2942 eatinus
585 2894 714 2943 multitudo
730 2897 889 2957 psallentium
906 2901 983 2961 atque
1005 2908 1040 2944 oe·

236 2960 339 3008 ticulum
356 2961 440 3008 sancti
455 2961 573 3024 eorporis
590 2964 767 3026 contemplat·
791 2961 895 3012 odae.

274 3024 318 3090 13)
337 3027 438 3075 enixius
454 3026 486 3075 Β,
