2154 3678
126 408 202 466 XII.
236 408 308 466 Alio
327 429 429 468 rursus
451 417 587 488 tempore
609 411 769 470 infinibus
793 412 873 472 eins·

55 495 131 552 dem
155 493 290 566 castelli,
317 493 453 554 locustae
482 496 602 572 frugum
634 498 872 575 consumptrices

57 581 186 656 copiose
201 577 391 652 insederant,
413 580 513 638 noxiis
529 579 677 638 morsibus
697 590 805 640 cuncta
819 601 872 640 va-

46 672 188 722 ·stantes.
222 663 293 720 Tali
316 683 388 740 ergo
408 675 495 741 peste
511 664 647 741 perculsi
661 684 731 722 mox
746 665 872 744 presby·

54 749 119 806 teri
143 747 298 827 ceterique
320 767 476 808 mansores
500 749 532 808 S.
549 749 729 808 Severinum
750 752 872 808 summis

54 832 203 912 precibus
220 831 369 905 adierunt,
388 831 540 892 dicentes:
564 833 627 906 „Ut
641 842 744 893 tantae
762 834 872 913 plagae

55 918 220 976 auferatur
240 917 400 990 atrocitas,
422 919 588 976 orationum
604 926 722 977 tuarum
745 930 873 997 experta

54 1001 207 1078 suffragia
221 1001 418 1080 postulamus,
436 1021 515 1082 quae
531 1023 640 1080 magno
659 1003 770 1063 dudum
782 1005 872 1062 mira·

54 1086 129 1145 culo
146 1088 177 1144 in
191 1087 330 1145 accensis
347 1088 475 1147 coelitus
487 1084 511 1166 1)
531 1090 627 1148 cereis
642 1089 768 1147 multum
790 1088 872 1167 apud
937 1117 940 1134 ν

53 1171 225 1231 Dominum
248 1170 352 1230 valere
378 1173 623 1249 conspeximus.“
661 1173 746 1250 Quos
771 1169 871 1251 ipse²)

53 1256 234 1333 religiosius
251 1254 414 1316 allocutus:
449 1258 540 1330 „Non
557 1257 692 1334 legistis,
714 1259 771 1331 ait,
798 1257 871 1336 quid

53 1341 225 1400 auctoritas
250 1339 353 1399 divina
375 1343 517 1420 peccanti
539 1343 652 1420 populo
679 1342 873 1421 praeceperit

53 1447 113 1506 per
135 1421 364 1504 prophetamss).
394 1425 613 1487 convertimini
637 1425 676 1484 ad
695 1445 742 1484 me
760 1427 791 1484 in
808 1434 871 1483 toto
938 1475 940 1477 .

54 1511 153 1570 corde
164 1512 313 1582 vestro,in
326 1511 440 1569 ieiunio
455 1520 485 1570 et
498 1511 570 1570 fletu
579 1509 614 1566 ?“
633 1519 744 1589 etpost
756 1530 870 1590 panca:

56 1595 291 1669 „Sanctificats,
304 1597 416 1674 inquit,
439 1596 601 1668 ieiunium,
617 1604 724 1654 vocate
741 1604 869 1666 coetum,

55 1688 245 1758 congregate
271 1676 496 1758 ecclesiam4),
511 1689 541 1739 et
567 1690 691 1739 caetera
717 1701 796 1760 quae
824 1700 871 1739 se·

54 1773 192 1845 qnnntnr
211 1763 298 1840 (loel.
314 1774 340 1836 2,
360 1764 484 1842 12.15.).
523 1765 657 1842 Explete
672 1765 775 1844 itaque
783 1762 809 1842 ⁵)
827 1765 870 1824 di·

53 1851 127 1928 gnis
145 1847 303 1927 operibus,
321 1869 401 1929 quae
418 1848 548 1923 docetis,
568 1858 601 1908 ut
616 1851 763 1912 malitiam
778 1850 871 1908 facile

53 1933 231 2014 praesentis
255 1935 399 2013 temporis
426 1934 581 1994 evadatis:
605 1935 717 1992 nullus⁴
731 1955 805 1994 sane
832 1933 871 1992 ad

24 2059 27 2063 -
54 2039 166 2096 agrum
188 2026 294 2090 exeat,
315 2019 403 2099 quasi
417 2019 549 2078 hnmana
563 2017 771 2078 sollicitudine
786 2018 871 2076 locu-

54 2113 124 2164 stas
151 2103 318 2177 vstitnrus,
352 2123 389 2162 ne
417 2102 523 2161 divina
547 2102 675 2180 amplius
703 2101 870 2180 indignatio

53 2190 275 2270 provocetur.“
318 2188 386 2246 Neo
405 2183 540 2268 morali),
570 2187 707 2246 omnibus
723 2187 754 2246 in
771 2188 872 2254 sceler

54 2276 135 2334 siem
161 2273 368 2350 congregatis,
394 2273 603 2352 unusquisque
629 2273 661 2330 in
685 2272 790 2331 ordine
817 2295 871 2333 suo

156 2509 260 2558 coelitus
278 2523 330 2557 om.
349 2508 380 2558 B.
438 2531 440 2534 ·

154 2643 187 2692 B.
207 2641 295 2692 addit:
315 2644 411 2694 dicens.

109 2707 141 2776 4)
160 2710 272 2760 uberius
292 2708 405 2760 adducit
422 2710 512 2760 locum
530 2711 663 2761 biblicum
680 2710 726 2759 B.:
747 2725 871 2775 „nonme
958 2723 960 2730 ·

53 2786 117 2848 pute
133 2781 260 2841 populum,
279 2779 436 2840 sonctificate
453 2779 611 2829 ecclesium.“

110 2843 141 2912 5)
159 2847 235 2895 Haec
252 2849 364 2910 emplete,
384 2853 411 2894 ut
428 2848 511 2911 dionis
528 2845 647 2910 operibus
663 2845 781 2894 malitium
789 2860 869 2909 prue-

56 2916 141 2968 sentis
158 2917 281 2977 temporis
297 2914 375 2975 facile
393 2917 523 2992 evadatis:
546 2917 626 2962 nullus
643 2930 659 2963 u
676 2928 714 2962 me
731 2914 766 2962 ad
783 2928 872 2976 aprum

54 2988 139 3034 exeat
157 2987 209 3031 etc.
227 2981 260 3030 Β.

109 3048 136 3112 6)
155 3064 216 3114 erpo
236 3048 297 3099 add.
314 3049 347 3099 Β.

102 3148 172 3186 VITA
191 3149 212 3183 S.
234 3147 375 3184 assamur.
699 3119 716 3180 3
