2154 3678
514 226 726 287 ..52-

212 397 287 439 nere
307 377 451 456 populos,
472 395 530 435 nce
544 375 726 454 praedicere
748 374 850 432 futura
871 373 1031 444 cessabat,

213 465 354 522 asserens
376 463 538 520 universos
564 462 596 518 in
618 459 748 518 Romani
757 455 794 535 16)
818 458 877 516 soli
903 461 1030 537 provin·
1058 523 1059 528 η

213 549 290 619 ciam
314 546 430 630 absque
451 545 515 604 ullo
535 543 686 604 libertatis
707 545 888 620 migraturos
910 545 1030 602 incom-

211 632 309 692 modo.

276 750 418 808 XXXII.
446 747 562 807 Iisdem
576 746 762 824 temporibus
778 744 922 806 Odoacar
930 743 958 820 ¹)
976 765 1031 804 rex

212 836 244 896 S.
263 837 412 896 Severino
428 833 594 892 familiares
611 833 729 891 litteras
745 830 897 908 dirigenS,
919 833 949 890 si
970 851 1031 911 qua

212 919 366 999 speranda
382 918 522 986 duceret,
545 917 638 975 dabat
658 915 838 995 suppliciter
860 917 1030 993 optionem,

212 1025 325 1063 memor
345 1003 428 1061 illius
453 1002 623 1079 praesagii,
651 1020 710 1080 quo
733 1020 802 1059 eum
827 1009 1031 1080 expresserat

213 1087 364 1168 quondam
386 1097 589 1163 regnaturum.
631 1085 741 1145 Tantis
764 1087 869 1164 itaque
892 1083 1028 1144 Sanctus

213 1167 310 1250 eius2)
328 1172 469 1251 alloquiis
488 1171 643 1243 invitatus,
653 1170 847 1229 Ambrosium
861 1170 1028 1250 quemdam

213 1258 389 1316 exulantem
410 1265 498 1334 rogat
521 1255 651 1314 absolvi.
686 1254 780 1314 Cuius
797 1253 942 1314 Odoecer
959 1275 1026 1332 gra·

212 1341 397 1400 tulabundus
422 1341 524 1420 paruit
552 1341 718 1418 imperatis.
761 1339 901 1416 Quodam
935 1342 1026 1398 etiam

211 1435 355 1504 tempore,
377 1427 448 1486 dum
463 1435 658 1485 memoratum
676 1445 780 1502 regem
794 1424 882 1482 multi
903 1424 1025 1483 nobiles

213 1532 313 1570 coram
330 1521 435 1570 sancto
450 1513 523 1583 viro,
540 1507 706 1586 humanat)
719 1519 753 1567 ut
767 1509 834 1567 fieri
850 1508 930 1567 solet
953 1509 1026 1568 adu·
1058 1529 1059 1540 *

211 1596 325 1654 latione
343 1595 519 1670 laudarent,
541 1597 710 1671 interrogat
729 1614 817 1674 quem
836 1613 942 1671 regem
960 1603 1026 1652 tan·

212 1681 251 1739 tis
279 1681 451 1759 praeconiis
478 1679 716 1758 praetulissent?
754 1678 1023 1756 Respondentibus
1058 1699 1059 1758 Τ

213 1762 385 1824 Odoacrum
409 1784 527 1842 regem:
558 1760 768 1842 „Od0acer⁴),
798 1765 919 1839 integer
947 1765 1024 1822 inter
1058 1761 1059 1800 l

211 1848 358 1908 tredecim
374 1857 404 1908 et
419 1849 647 1928 quatuordecim
661 1851 788 1920 ennos,“
808 1847 960 1906 videlicet
980 1850 1023 1906 in-

211 1935 384 2012 tegritatem
403 1935 467 1993 eius
481 1935 568 2010 regui
583 1934 757 2010 significans
765 1929 805 2010 ⁵),
822 1941 852 1990 st
868 1931 915 1990 his
934 1932 1024 1992 dictis

212 2018 333 2091 adiecit,
350 2021 439 2079 citius
455 2019 534 2093 illos,
551 2017 631 2098 quod
647 2018 713 2097 ipse
729 2017 937 2096 praedixerat,
954 2038 1023 2096 pro·

210 2100 380 2180 baturusss).

247 2335 289 2400 16)
311 2337 411 2386 Romam
427 2339 459 2386 A.
495 2337 593 2388 Scriba
612 2336 679 2387 eod.
703 2337 770 2386 mihi
793 2337 903 2386 videtur
925 2337 955 2386 in
973 2353 1021 2388 au-

211 2403 365 2469 thographo
384 2405 451 2454 duas
469 2405 565 2454 literas
584 2411 612 2453 ni
628 2420 772 2469 perperam
786 2404 958 2454 intellexisse
971 2422 1020 2472 pro

211 2487 266 2521 une
283 2488 314 2523 m.

266 2538 290 2602 1)
310 2538 448 2604 Odobopor
464 2539 495 2587 Β.
517 2537 651 2589 Odooaoar
668 2540 732 2590 Pez.

261 2607 288 2674 2)
307 2609 361 2657 eius
379 2623 430 2657 om.
449 2607 480 2656 B.
512 2621 520 2640 ¹

262 2674 288 2739 3)
307 2677 427 2725 Ῑιιιηιαηαε
444 2676 476 2724 Α.

261 2744 288 2807 4)
306 2745 387 2810 inquit
404 2743 543 2793 interserit
560 2742 590 2793 B.
1058 2801 1059 2806 ¹

261 2811 287 2873 5)
305 2813 420 2862 videlicet
437 2813 550 2875 intepros
566 2810 698 2874 repondit,-
711 2813 786 2873 finem
803 2826 863 2861 vero
881 2813 954 2875 requi
963 2813 1018 2862 eius

210 2879 395 2944 ripnificonsB.
419 2880 473 2929 Hic
487 2879 593 2942 aliquid
605 2879 700 2928 deesse
713 2880 870 2944 suspicatur
878 2878 1015 2930 Velserus.

211 2948 265 2997 Pro
283 2951 381 3011 inteper
396 2946 484 2996 habet
501 2946 631 2996 Velserus
648 2947 755 2998 interim.

261 3011 288 3080 6)
305 3015 460 3078 probaturos
477 3015 508 3065 B.
