<?xml version="1.0" encoding="UTF-8"?>
<!DOCTYPE html PUBLIC "-//W3C//DTD XHTML 1.0 Transitional//EN"
    "http://www.w3.org/TR/xhtml1/DTD/xhtml1-transitional.dtd">
<html xmlns="http://www.w3.org/1999/xhtml" xml:lang="en" lang="en">
 <head>
  <title>
</title>
<meta http-equiv="Content-Type" content="text/html;charset=utf-8" />
  <meta name='ocr-system' content='tesseract 3.04.00' />
  <meta name='ocr-capabilities' content='ocr_page ocr_carea ocr_par ocr_line ocrx_word'/>
</head>
<body>
  <div class='ocr_page' id='page_1' title='image "./vitasseverini00kersgoog_0018.png"; bbox 0 0 2154 3678; ppageno 0'>
   <div class='ocr_carea' id='block_1_1' title="bbox 336 175 620 234">
    <p class='ocr_par' dir='ltr' id='par_1_1' title="bbox 336 175 620 234">
     <span class='ocr_line' id='line_1_1' title="bbox 336 175 620 234; baseline 0.014 -4"><span class='ocrx_word' id='word_1_1' title='bbox 336 175 620 234; x_wconf 67' lang='lat' dir='ltr'>7—x1—</span> 
     </span>
    </p>
   </div>
   <div class='ocr_carea' id='block_1_2' title="bbox 24 325 914 2636">
    <p class='ocr_par' dir='ltr' id='par_1_2' title="bbox 24 325 914 2636">
     <span class='ocr_line' id='line_1_2' title="bbox 152 325 904 407; baseline 0.004 -23"><span class='ocrx_word' id='word_1_2' title='bbox 152 326 289 386; x_wconf 79' lang='lat' dir='ltr'><strong>Exstant</strong></span> <span class='ocrx_word' id='word_1_3' title='bbox 310 327 435 407; x_wconf 87' lang='lat' dir='ltr'>quidem</span> <span class='ocrx_word' id='word_1_4' title='bbox 450 327 542 388; x_wconf 81' lang='lat' dir='ltr'>Vitae</span> <span class='ocrx_word' id='word_1_5' title='bbox 563 325 594 388; x_wconf 87' lang='lat' dir='ltr'>S.</span> <span class='ocrx_word' id='word_1_6' title='bbox 618 326 760 387; x_wconf 81' lang='lat' dir='ltr'>Severini</span> <span class='ocrx_word' id='word_1_7' title='bbox 781 337 904 387; x_wconf 88' lang='lat' dir='ltr'>auctore</span> 
     </span>
     <span class='ocr_line' id='line_1_3' title="bbox 24 428 904 508; baseline -0.001 -20"><span class='ocrx_word' id='word_1_8' title='bbox 24 468 26 488; x_wconf 79' lang='lat'><strong>.</strong></span> <span class='ocrx_word' id='word_1_9' title='bbox 92 429 249 508; x_wconf 86' lang='lat' dir='ltr'>Eugippio</span> <span class='ocrx_word' id='word_1_10' title='bbox 265 428 369 505; x_wconf 88' lang='lat' dir='ltr'>plures</span> <span class='ocrx_word' id='word_1_11' title='bbox 385 428 543 488; x_wconf 86' lang='lat' dir='ltr'>editiones.</span> <span class='ocrx_word' id='word_1_12' title='bbox 581 429 701 487; x_wconf 88' lang='lat' dir='ltr'>Primus</span> <span class='ocrx_word' id='word_1_13' title='bbox 716 430 795 489; x_wconf 91' lang='lat' dir='ltr'>hanc</span> <span class='ocrx_word' id='word_1_14' title='bbox 809 431 904 488; x_wconf 83' lang='lat' dir='ltr'>vitam</span> 
     </span>
     <span class='ocr_line' id='line_1_4' title="bbox 91 530 903 608; baseline 0.002 -22"><span class='ocrx_word' id='word_1_15' title='bbox 91 531 235 608; x_wconf 87' lang='lat' dir='ltr'>vulgavit</span> <span class='ocrx_word' id='word_1_16' title='bbox 255 533 426 589; x_wconf 73' lang='lat' dir='ltr'><strong><em>laurentius</em></strong></span> <span class='ocrx_word' id='word_1_17' title='bbox 450 532 564 602; x_wconf 81' lang='lat' dir='ltr'>Sarius,</span> <span class='ocrx_word' id='word_1_18' title='bbox 595 539 643 588; x_wconf 91' lang='lat' dir='ltr'>ast</span> <span class='ocrx_word' id='word_1_19' title='bbox 661 531 753 590; x_wconf 85' lang='lat' dir='ltr'>valde</span> <span class='ocrx_word' id='word_1_20' title='bbox 780 530 903 590; x_wconf 89' lang='lat' dir='ltr'>mendo·</span> 
     </span>
     <span class='ocr_line' id='line_1_5' title="bbox 89 630 904 710; baseline 0.006 -20"><span class='ocrx_word' id='word_1_21' title='bbox 89 653 156 690; x_wconf 88' lang='lat' dir='ltr'>sam</span> <span class='ocrx_word' id='word_1_22' title='bbox 182 631 315 710; x_wconf 71' lang='lat' dir='ltr'>(Histoe¹</span> <span class='ocrx_word' id='word_1_23' title='bbox 339 631 394 690; x_wconf 83' lang='lat' dir='ltr'>SS.</span> <span class='ocrx_word' id='word_1_24' title='bbox 419 640 490 691; x_wconf 91' lang='lat' dir='ltr'>tom.</span> <span class='ocrx_word' id='word_1_25' title='bbox 507 632 533 690; x_wconf 92' lang='lat' dir='ltr'>I.</span> <span class='ocrx_word' id='word_1_26' title='bbox 556 630 663 691; x_wconf 82' lang='lat' dir='ltr'>Oolon.</span> <span class='ocrx_word' id='word_1_27' title='bbox 684 633 813 710; x_wconf 84' lang='lat' dir='ltr'>Agripp.</span> <span class='ocrx_word' id='word_1_28' title='bbox 837 641 904 695; x_wconf 76' lang='lat'>1576</span> 
     </span>
     <span class='ocr_line' id='line_1_6' title="bbox 90 717 914 812; baseline 0.001 -21"><span class='ocrx_word' id='word_1_29' title='bbox 90 754 197 812; x_wconf 81' lang='lat' dir='ltr'>apag.</span> <span class='ocrx_word' id='word_1_30' title='bbox 215 731 287 811; x_wconf 85' lang='lat'><strong>159).</strong></span> <span class='ocrx_word' id='word_1_31' title='bbox 313 766 351 774; x_wconf 94' lang='lat'><em>-</em></span> <span class='ocrx_word' id='word_1_32' title='bbox 378 733 428 790; x_wconf 82' lang='lat' dir='ltr'>Ex</span> <span class='ocrx_word' id='word_1_33' title='bbox 450 732 511 792; x_wconf 90' lang='lat' dir='ltr'>alio</span> <span class='ocrx_word' id='word_1_34' title='bbox 528 735 591 792; x_wconf 87' lang='lat' dir='ltr'>Ms.</span> <span class='ocrx_word' id='word_1_35' title='bbox 609 733 714 792; x_wconf 87' lang='lat' dir='ltr'>codice</span> <span class='ocrx_word' id='word_1_36' title='bbox 732 717 914 792; x_wconf 79' lang='lat' dir='ltr'>Cardinalis</span> 
     </span>
     <span class='ocr_line' id='line_1_7' title="bbox 88 833 904 914; baseline 0.001 -21"><span class='ocrx_word' id='word_1_37' title='bbox 88 839 236 894; x_wconf 81' lang='lat' dir='ltr'>Boronius</span> <span class='ocrx_word' id='word_1_38' title='bbox 253 833 306 913; x_wconf 89' lang='lat' dir='ltr'>(ad</span> <span class='ocrx_word' id='word_1_39' title='bbox 324 854 435 893; x_wconf 87' lang='lat' dir='ltr'>annum</span> <span class='ocrx_word' id='word_1_40' title='bbox 449 834 519 896; x_wconf 88' lang='grc' dir='ltr'>ΑΔ.</span> <span class='ocrx_word' id='word_1_41' title='bbox 532 845 584 898; x_wconf 76' lang='lat'>454</span> <span class='ocrx_word' id='word_1_42' title='bbox 597 856 628 913; x_wconf 92' lang='lat' dir='ltr'>p.</span> <span class='ocrx_word' id='word_1_43' title='bbox 643 833 698 894; x_wconf 83' lang='lat' dir='ltr'>Oh.</span> <span class='ocrx_word' id='word_1_44' title='bbox 711 833 792 914; x_wconf 85' lang='lat' dir='ltr'>seq.)</span> <span class='ocrx_word' id='word_1_45' title='bbox 810 853 904 913; x_wconf 87' lang='lat' dir='ltr'>quae-</span> 
     </span>
     <span class='ocr_line' id='line_1_8' title="bbox 90 936 903 1016; baseline 0.001 -22"><span class='ocrx_word' id='word_1_46' title='bbox 90 936 163 996; x_wconf 86' lang='lat' dir='ltr'>dam</span> <span class='ocrx_word' id='word_1_47' title='bbox 180 937 354 1014; x_wconf 86' lang='lat' dir='ltr'>fragmenta</span> <span class='ocrx_word' id='word_1_48' title='bbox 376 938 550 1014; x_wconf 81' lang='lat' dir='ltr'>exscripsit,</span> <span class='ocrx_word' id='word_1_49' title='bbox 579 957 659 1016; x_wconf 88' lang='lat' dir='ltr'>quae</span> <span class='ocrx_word' id='word_1_50' title='bbox 686 937 802 1014; x_wconf 85' lang='lat' dir='ltr'>Pagius</span> <span class='ocrx_word' id='word_1_51' title='bbox 823 938 903 995; x_wconf 87' lang='lat' dir='ltr'>notis</span> 
     </span>
     <span class='ocr_line' id='line_1_9' title="bbox 88 1036 903 1098; baseline -0.004 -1"><span class='ocrx_word' id='word_1_52' title='bbox 88 1038 273 1097; x_wconf 84' lang='lat' dir='ltr'>illustravit.</span> <span class='ocrx_word' id='word_1_53' title='bbox 306 1036 366 1095; x_wconf 81' lang='lat' dir='ltr'>ille</span> <span class='ocrx_word' id='word_1_54' title='bbox 390 1036 487 1096; x_wconf 81' lang='lat' dir='ltr'><strong>codex</strong></span> <span class='ocrx_word' id='word_1_55' title='bbox 512 1040 544 1097; x_wconf 89' lang='lat' dir='ltr'>in</span> <span class='ocrx_word' id='word_1_56' title='bbox 570 1040 751 1098; x_wconf 84' lang='lat' dir='ltr'>membranis</span> <span class='ocrx_word' id='word_1_57' title='bbox 778 1038 903 1096; x_wconf 90' lang='lat' dir='ltr'>minoris</span> 
     </span>
     <span class='ocr_line' id='line_1_10' title="bbox 88 1140 903 1219; baseline 0 -22"><span class='ocrx_word' id='word_1_58' title='bbox 88 1140 209 1198; x_wconf 87' lang='lat' dir='ltr'>formae</span> <span class='ocrx_word' id='word_1_59' title='bbox 237 1158 329 1198; x_wconf 89' lang='lat' dir='ltr'>manu</span> <span class='ocrx_word' id='word_1_60' title='bbox 359 1147 503 1198; x_wconf 87' lang='lat' dir='ltr'>exaratus</span> <span class='ocrx_word' id='word_1_61' title='bbox 536 1140 700 1200; x_wconf 86' lang='lat' dir='ltr'>hodiedum</span> <span class='ocrx_word' id='word_1_62' title='bbox 722 1140 838 1198; x_wconf 88' lang='lat' dir='ltr'>Romae</span> <span class='ocrx_word' id='word_1_63' title='bbox 871 1140 903 1219; x_wconf 81' lang='lat' dir='ltr'>in</span> 
     </span>
     <span class='ocr_line' id='line_1_11' title="bbox 90 1239 903 1318; baseline -0.002 -19"><span class='ocrx_word' id='word_1_64' title='bbox 90 1239 283 1299; x_wconf 89' lang='lat' dir='ltr'>bibliotheca</span> <span class='ocrx_word' id='word_1_65' title='bbox 308 1239 516 1300; x_wconf 75' lang='lat' dir='ltr'>vallicellana</span> <span class='ocrx_word' id='word_1_66' title='bbox 541 1239 674 1300; x_wconf 89' lang='lat' dir='ltr'>Oratorii</span> <span class='ocrx_word' id='word_1_67' title='bbox 708 1239 740 1299; x_wconf 77' lang='lat' dir='ltr'>S.</span> <span class='ocrx_word' id='word_1_68' title='bbox 766 1239 903 1318; x_wconf 89' lang='lat' dir='ltr'>Philippi</span> 
     </span>
     <span class='ocr_line' id='line_1_12' title="bbox 88 1340 902 1418; baseline -0.004 -17"><span class='ocrx_word' id='word_1_69' title='bbox 88 1341 168 1401; x_wconf 87' lang='lat' dir='ltr'>Neri</span> <span class='ocrx_word' id='word_1_70' title='bbox 185 1341 224 1400; x_wconf 89' lang='lat' dir='ltr'>de</span> <span class='ocrx_word' id='word_1_71' title='bbox 240 1340 324 1401; x_wconf 88' lang='lat' dir='ltr'>Urbe</span> <span class='ocrx_word' id='word_1_72' title='bbox 339 1351 514 1400; x_wconf 86' lang='lat' dir='ltr'>asservatur</span> <span class='ocrx_word' id='word_1_73' title='bbox 529 1341 606 1418; x_wconf 82' lang='lat' dir='ltr'>siglo</span> <span class='ocrx_word' id='word_1_74' title='bbox 620 1343 707 1400; x_wconf 82' lang='lat' dir='ltr'>Tom.</span> <span class='ocrx_word' id='word_1_75' title='bbox 723 1341 799 1399; x_wconf 90' lang='lat' dir='ltr'>XII.</span> <span class='ocrx_word' id='word_1_76' title='bbox 817 1348 902 1399; x_wconf 87' lang='lat' dir='ltr'>nota·</span> 
     </span>
     <span class='ocr_line' id='line_1_13' title="bbox 86 1442 902 1524; baseline -0.004 -21"><span class='ocrx_word' id='word_1_77' title='bbox 86 1454 156 1513; x_wconf 87' lang='lat' dir='ltr'>tus,</span> <span class='ocrx_word' id='word_1_78' title='bbox 179 1463 269 1524; x_wconf 88' lang='lat' dir='ltr'>quem</span> <span class='ocrx_word' id='word_1_79' title='bbox 292 1442 434 1520; x_wconf 86' lang='lat' dir='ltr'>equidem</span> <span class='ocrx_word' id='word_1_80' title='bbox 450 1442 551 1501; x_wconf 92' lang='lat' dir='ltr'>denuo</span> <span class='ocrx_word' id='word_1_81' title='bbox 565 1455 635 1520; x_wconf 86' lang='lat' dir='ltr'>post</span> <span class='ocrx_word' id='word_1_82' title='bbox 652 1443 816 1501; x_wconf 78' lang='lat' dir='ltr'>Batonium</span> <span class='ocrx_word' id='word_1_83' title='bbox 832 1445 902 1500; x_wconf 66' lang='lat' dir='ltr'>conss</span> 
     </span>
     <span class='ocr_line' id='line_1_14' title="bbox 87 1543 902 1618; baseline -0.005 -14"><span class='ocrx_word' id='word_1_84' title='bbox 87 1546 156 1604; x_wconf 86' lang='lat' dir='ltr'>tuli.</span> <span class='ocrx_word' id='word_1_85' title='bbox 200 1543 396 1603; x_wconf 90' lang='lat' dir='ltr'>Inscribitur:</span> <span class='ocrx_word' id='word_1_86' title='bbox 431 1544 549 1618; x_wconf 84' lang='lat' dir='ltr'>„Vitae</span> <span class='ocrx_word' id='word_1_87' title='bbox 576 1545 757 1604; x_wconf 82' lang='lat' dir='ltr'>Sanctorum</span> <span class='ocrx_word' id='word_1_88' title='bbox 784 1551 815 1602; x_wconf 92' lang='lat' dir='ltr'>et</span> <span class='ocrx_word' id='word_1_89' title='bbox 840 1543 902 1601; x_wconf 86' lang='lat' dir='ltr'>alia</span> 
     </span>
     <span class='ocr_line' id='line_1_15' title="bbox 89 1644 902 1726; baseline -0.005 -21"><span class='ocrx_word' id='word_1_90' title='bbox 89 1645 242 1726; x_wconf 86' lang='lat' dir='ltr'>opuscula</span> <span class='ocrx_word' id='word_1_91' title='bbox 260 1665 299 1704; x_wconf 87' lang='lat' dir='ltr'>ex</span> <span class='ocrx_word' id='word_1_92' title='bbox 314 1665 395 1706; x_wconf 90' lang='lat' dir='ltr'>saec.</span> <span class='ocrx_word' id='word_1_93' title='bbox 413 1645 510 1703; x_wconf 90' lang='lat' dir='ltr'><strong>XII.“</strong></span> <span class='ocrx_word' id='word_1_94' title='bbox 531 1675 566 1688; x_wconf 82' lang='lat'>·-</span> <span class='ocrx_word' id='word_1_95' title='bbox 584 1646 721 1704; x_wconf 84' lang='lat' dir='ltr'>Tertiam</span> <span class='ocrx_word' id='word_1_96' title='bbox 737 1644 902 1704; x_wconf 87' lang='lat' dir='ltr'>editionem</span> 
     </span>
     <span class='ocr_line' id='line_1_16' title="bbox 87 1745 900 1807; baseline -0.005 0"><span class='ocrx_word' id='word_1_97' title='bbox 87 1769 129 1807; x_wconf 89' lang='lat' dir='ltr'>ex</span> <span class='ocrx_word' id='word_1_98' title='bbox 153 1746 340 1806; x_wconf 91' lang='lat' dir='ltr'>bibliotheca</span> <span class='ocrx_word' id='word_1_99' title='bbox 357 1746 389 1806; x_wconf 82' lang='lat' dir='ltr'>S.</span> <span class='ocrx_word' id='word_1_100' title='bbox 404 1746 580 1807; x_wconf 83' lang='lat' dir='ltr'>Emmerani</span> <span class='ocrx_word' id='word_1_101' title='bbox 600 1747 789 1806; x_wconf 87' lang='lat' dir='ltr'>Ratisbonae</span> <span class='ocrx_word' id='word_1_102' title='bbox 814 1745 900 1804; x_wconf 88' lang='lat' dir='ltr'>addi-</span> 
     </span>
     <span class='ocr_line' id='line_1_17' title="bbox 87 1847 903 1909; baseline -0.006 0"><span class='ocrx_word' id='word_1_103' title='bbox 87 1853 128 1909; x_wconf 87' lang='lat' dir='ltr'>tis</span> <span class='ocrx_word' id='word_1_104' title='bbox 161 1849 297 1908; x_wconf 82' lang='lat' dir='ltr'>scholiis</span> <span class='ocrx_word' id='word_1_105' title='bbox 318 1847 444 1906; x_wconf 88' lang='lat' dir='ltr'>eruditis</span> <span class='ocrx_word' id='word_1_106' title='bbox 475 1847 701 1908; x_wconf 81' lang='lat' dir='ltr'>accuratissime</span> <span class='ocrx_word' id='word_1_107' title='bbox 739 1847 903 1906; x_wconf 83' lang='lat' dir='ltr'>adornavit</span> 
     </span>
     <span class='ocr_line' id='line_1_18' title="bbox 87 1947 900 2029; baseline -0.004 -20"><span class='ocrx_word' id='word_1_108' title='bbox 87 1953 208 2009; x_wconf 85' lang='lat' dir='ltr'>Marcus</span> <span class='ocrx_word' id='word_1_109' title='bbox 229 1953 372 2018; x_wconf 70' lang='lat' dir='ltr'>Veneres,</span> <span class='ocrx_word' id='word_1_110' title='bbox 395 1950 480 2008; x_wconf 89' lang='lat' dir='ltr'>cuius</span> <span class='ocrx_word' id='word_1_111' title='bbox 497 1950 689 2029; x_wconf 85' lang='lat' dir='ltr'>inoperibus</span> <span class='ocrx_word' id='word_1_112' title='bbox 706 1947 900 2027; x_wconf 89' lang='lat' dir='ltr'>(Norimber-</span> 
     </span>
     <span class='ocr_line' id='line_1_19' title="bbox 82 2048 900 2136; baseline -0.002 -26"><span class='ocrx_word' id='word_1_113' title='bbox 82 2071 149 2136; x_wconf 31' lang='lat' dir='ltr'>&#39;gae</span> <span class='ocrx_word' id='word_1_114' title='bbox 167 2059 236 2113; x_wconf 71' lang='lat'>1682</span> <span class='ocrx_word' id='word_1_115' title='bbox 251 2070 269 2109; x_wconf 86' lang='lat' dir='ltr'>a</span> <span class='ocrx_word' id='word_1_116' title='bbox 284 2070 355 2130; x_wconf 81' lang='lat' dir='ltr'>pag.</span> <span class='ocrx_word' id='word_1_117' title='bbox 372 2048 436 2128; x_wconf 73' lang='lat'>629)</span> <span class='ocrx_word' id='word_1_118' title='bbox 457 2061 567 2110; x_wconf 87' lang='lat' dir='ltr'>exstat.</span> <span class='ocrx_word' id='word_1_119' title='bbox 591 2085 628 2096; x_wconf 97' lang='lat'>—</span> <span class='ocrx_word' id='word_1_120' title='bbox 660 2051 726 2108; x_wconf 85' lang='lat' dir='ltr'>Has</span> <span class='ocrx_word' id='word_1_121' title='bbox 750 2048 900 2108; x_wconf 88' lang='lat' dir='ltr'>editiones</span> 
     </span>
     <span class='ocr_line' id='line_1_20' title="bbox 89 2152 902 2213; baseline -0.005 -2"><span class='ocrx_word' id='word_1_122' title='bbox 89 2154 221 2212; x_wconf 89' lang='lat' dir='ltr'>contulit</span> <span class='ocrx_word' id='word_1_123' title='bbox 240 2172 307 2211; x_wconf 88' lang='lat' dir='ltr'>cum</span> <span class='ocrx_word' id='word_1_124' title='bbox 322 2153 381 2211; x_wconf 81' lang='lat' dir='ltr'>Me.</span> <span class='ocrx_word' id='word_1_125' title='bbox 399 2155 440 2213; x_wconf 92' lang='lat' dir='ltr'>D.</span> <span class='ocrx_word' id='word_1_126' title='bbox 451 2153 574 2212; x_wconf 87' lang='lat' dir='ltr'>Nicolai</span> <span class='ocrx_word' id='word_1_127' title='bbox 589 2152 730 2212; x_wconf 85' lang='lat' dir='ltr'>Belfortii</span> <span class='ocrx_word' id='word_1_128' title='bbox 744 2153 902 2209; x_wconf 82' lang='lat' dir='ltr'>Bollandus</span> 
     </span>
     <span class='ocr_line' id='line_1_21' title="bbox 89 2250 900 2334; baseline -0.002 -22"><span class='ocrx_word' id='word_1_129' title='bbox 89 2253 187 2334; x_wconf 88' lang='lat' dir='ltr'>(Acta</span> <span class='ocrx_word' id='word_1_130' title='bbox 204 2252 386 2312; x_wconf 80' lang='lat' dir='ltr'>Sanctorum</span> <span class='ocrx_word' id='word_1_131' title='bbox 405 2255 431 2312; x_wconf 94' lang='grc' dir='ltr'>Ι.</span> <span class='ocrx_word' id='word_1_132' title='bbox 447 2255 533 2313; x_wconf 83' lang='lat' dir='ltr'>Tom.</span> <span class='ocrx_word' id='word_1_133' title='bbox 556 2255 679 2314; x_wconf 83' lang='lat' dir='ltr'>Ianuar.</span> <span class='ocrx_word' id='word_1_134' title='bbox 697 2273 727 2331; x_wconf 93' lang='lat' dir='ltr'>p.</span> <span class='ocrx_word' id='word_1_135' title='bbox 743 2261 795 2316; x_wconf 78' lang='lat'>484</span> <span class='ocrx_word' id='word_1_136' title='bbox 808 2250 900 2331; x_wconf 86' lang='lat' dir='ltr'>seq.),</span> 
     </span>
     <span class='ocr_line' id='line_1_22' title="bbox 87 2354 900 2434; baseline -0.002 -20"><span class='ocrx_word' id='word_1_137' title='bbox 87 2354 209 2414; x_wconf 88' lang='lat' dir='ltr'>addens</span> <span class='ocrx_word' id='word_1_138' title='bbox 229 2355 376 2434; x_wconf 82' lang='lat' dir='ltr'>Eugippii</span> <span class='ocrx_word' id='word_1_139' title='bbox 398 2355 437 2414; x_wconf 88' lang='lat' dir='ltr'>ad</span> <span class='ocrx_word' id='word_1_140' title='bbox 460 2355 658 2414; x_wconf 89' lang='lat' dir='ltr'>Paschasium</span> <span class='ocrx_word' id='word_1_141' title='bbox 679 2354 840 2433; x_wconf 86' lang='lat' dir='ltr'>epistolam</span> <span class='ocrx_word' id='word_1_142' title='bbox 862 2373 900 2413; x_wconf 85' lang='lat' dir='ltr'>ex</span> 
     </span>
     <span class='ocr_line' id='line_1_23' title="bbox 89 2454 899 2535; baseline -0.001 -20"><span class='ocrx_word' id='word_1_143' title='bbox 89 2456 197 2515; x_wconf 88' lang='lat' dir='ltr'>eodem</span> <span class='ocrx_word' id='word_1_144' title='bbox 215 2457 271 2514; x_wconf 91' lang='lat' dir='ltr'>Ms.</span> <span class='ocrx_word' id='word_1_145' title='bbox 288 2467 319 2515; x_wconf 89' lang='lat' dir='ltr'>et</span> <span class='ocrx_word' id='word_1_146' title='bbox 336 2465 356 2514; x_wconf 90' lang='lat' dir='ltr'>t.</span> <span class='ocrx_word' id='word_1_147' title='bbox 373 2465 399 2519; x_wconf 84' lang='lat'>6.</span> <span class='ocrx_word' id='word_1_148' title='bbox 423 2457 527 2535; x_wconf 88' lang='lat' dir='ltr'>Antiq.</span> <span class='ocrx_word' id='word_1_149' title='bbox 543 2457 613 2516; x_wconf 83' lang='lat' dir='ltr'>lect.</span> <span class='ocrx_word' id='word_1_150' title='bbox 630 2457 758 2516; x_wconf 90' lang='lat' dir='ltr'>Henrici</span> <span class='ocrx_word' id='word_1_151' title='bbox 774 2454 899 2527; x_wconf 76' lang='lat' dir='ltr'>Canisii.</span> 
     </span>
     <span class='ocr_line' id='line_1_24' title="bbox 85 2541 899 2636; baseline 0 -22"><span class='ocrx_word' id='word_1_152' title='bbox 85 2541 130 2600; x_wconf 45' lang='lat'>⁸-</span> <span class='ocrx_word' id='word_1_153' title='bbox 147 2558 233 2616; x_wconf 91' lang='lat' dir='ltr'>Inter</span> <span class='ocrx_word' id='word_1_154' title='bbox 248 2557 426 2616; x_wconf 86' lang='lat' dir='ltr'>Austriacos</span> <span class='ocrx_word' id='word_1_155' title='bbox 441 2559 554 2636; x_wconf 90' lang='lat' dir='ltr'>primus</span> <span class='ocrx_word' id='word_1_156' title='bbox 572 2561 760 2633; x_wconf 78' lang='lat' dir='ltr'>Hieronymus</span> <span class='ocrx_word' id='word_1_157' title='bbox 776 2560 834 2614; x_wconf 85' lang='lat' dir='ltr'>Pez</span> <span class='ocrx_word' id='word_1_158' title='bbox 854 2557 899 2614; x_wconf 76' lang='lat' dir='ltr'>ci·</span> 
     </span>
    </p>
   </div>
   <div class='ocr_carea' id='block_1_3' title="bbox 88 2657 898 2719">
    <p class='ocr_par' dir='ltr' id='par_1_3' title="bbox 88 2657 898 2719">
     <span class='ocr_line' id='line_1_25' title="bbox 88 2657 898 2719; baseline -0.002 -1"><span class='ocrx_word' id='word_1_159' title='bbox 88 2669 151 2718; x_wconf 89' lang='lat' dir='ltr'>tam</span> <span class='ocrx_word' id='word_1_160' title='bbox 168 2658 202 2718; x_wconf 80' lang='lat' dir='ltr'>S.</span> <span class='ocrx_word' id='word_1_161' title='bbox 218 2657 360 2718; x_wconf 81' lang='lat' dir='ltr'>Severini</span> <span class='ocrx_word' id='word_1_162' title='bbox 384 2679 422 2718; x_wconf 83' lang='lat' dir='ltr'>ex</span> <span class='ocrx_word' id='word_1_163' title='bbox 438 2658 513 2719; x_wconf 83' lang='lat' dir='ltr'>Ood.</span> <span class='ocrx_word' id='word_1_164' title='bbox 527 2660 583 2719; x_wconf 90' lang='lat' dir='ltr'>Ms.</span> <span class='ocrx_word' id='word_1_165' title='bbox 600 2657 805 2718; x_wconf 90' lang='lat' dir='ltr'>bibliothecae</span> <span class='ocrx_word' id='word_1_166' title='bbox 821 2657 898 2716; x_wconf 91' lang='lat' dir='ltr'>Mel-</span> 
     </span>
    </p>
   </div>
   <div class='ocr_carea' id='block_1_4' title="bbox 88 2759 966 3048">
    <p class='ocr_par' dir='ltr' id='par_1_4' title="bbox 88 2759 966 3048">
     <span class='ocr_line' id='line_1_26' title="bbox 88 2759 966 2838; baseline 0 -19"><span class='ocrx_word' id='word_1_167' title='bbox 88 2760 215 2820; x_wconf 88' lang='lat' dir='ltr'>lioensis</span> <span class='ocrx_word' id='word_1_168' title='bbox 232 2761 395 2820; x_wconf 89' lang='lat' dir='ltr'>recensuit.</span> <span class='ocrx_word' id='word_1_169' title='bbox 421 2760 544 2838; x_wconf 84' lang='lat' dir='ltr'>(Exstat</span> <span class='ocrx_word' id='word_1_170' title='bbox 564 2762 597 2820; x_wconf 89' lang='lat' dir='ltr'>in</span> <span class='ocrx_word' id='word_1_171' title='bbox 609 2761 683 2820; x_wconf 87' lang='lat' dir='ltr'>Rer.</span> <span class='ocrx_word' id='word_1_172' title='bbox 696 2760 801 2820; x_wconf 83' lang='lat' dir='ltr'>Austr.</span> <span class='ocrx_word' id='word_1_173' title='bbox 818 2759 899 2819; x_wconf 83' lang='lat' dir='ltr'>Scri·</span> <span class='ocrx_word' id='word_1_174' title='bbox 959 2763 966 2778; x_wconf 95' lang='lat'><strong><em>‘</em></strong></span> 
     </span>
     <span class='ocr_line' id='line_1_27' title="bbox 89 2859 898 2941; baseline 0 -21"><span class='ocrx_word' id='word_1_175' title='bbox 89 2862 237 2941; x_wconf 88' lang='lat' dir='ltr'>ptoribus,</span> <span class='ocrx_word' id='word_1_176' title='bbox 253 2870 324 2922; x_wconf 86' lang='lat' dir='ltr'>tom.</span> <span class='ocrx_word' id='word_1_177' title='bbox 341 2862 367 2920; x_wconf 92' lang='lat' dir='ltr'>I.</span> <span class='ocrx_word' id='word_1_178' title='bbox 388 2861 472 2939; x_wconf 89' lang='lat' dir='ltr'>Lips.</span> <span class='ocrx_word' id='word_1_179' title='bbox 492 2871 558 2925; x_wconf 77' lang='lat'>1721</span> <span class='ocrx_word' id='word_1_180' title='bbox 580 2881 682 2940; x_wconf 83' lang='lat' dir='ltr'>apag.</span> <span class='ocrx_word' id='word_1_181' title='bbox 700 2859 756 2938; x_wconf 73' lang='lat'><strong>62.)</strong></span> <span class='ocrx_word' id='word_1_182' title='bbox 777 2894 811 2904; x_wconf 90' lang='lat'><em>-</em></span> <span class='ocrx_word' id='word_1_183' title='bbox 835 2861 898 2920; x_wconf 84' lang='lat' dir='ltr'>Ex·</span> 
     </span>
     <span class='ocr_line' id='line_1_28' title="bbox 92 2961 898 3048; baseline -0.002 -26"><span class='ocrx_word' id='word_1_184' title='bbox 92 2972 196 3042; x_wconf 86' lang='lat' dir='ltr'>cerpta</span> <span class='ocrx_word' id='word_1_185' title='bbox 217 2983 258 3023; x_wconf 85' lang='lat' dir='ltr'>ex</span> <span class='ocrx_word' id='word_1_186' title='bbox 279 2963 387 3024; x_wconf 86' lang='lat' dir='ltr'>eadem</span> <span class='ocrx_word' id='word_1_187' title='bbox 409 2964 473 3022; x_wconf 84' lang='lat' dir='ltr'>vita</span> <span class='ocrx_word' id='word_1_188' title='bbox 489 2983 507 3022; x_wconf 89' lang='lat' dir='ltr'>a</span> <span class='ocrx_word' id='word_1_189' title='bbox 522 2964 614 3023; x_wconf 86' lang='lat' dir='ltr'>Petro</span> <span class='ocrx_word' id='word_1_190' title='bbox 629 2961 811 3048; x_wconf 86' lang='lat' dir='ltr'>Lambeccio</span> <span class='ocrx_word' id='word_1_191' title='bbox 829 2962 898 3021; x_wconf 89' lang='lat' dir='ltr'>illu·</span> 
     </span>
    </p>
   </div>
   <div class='ocr_carea' id='block_1_5' title="bbox 0 0 1082 3678">
    <p class='ocr_par' dir='ltr' id='par_1_5' title="bbox 0 0 1082 3678">
     <span class='ocr_line' id='line_1_29' title="bbox 0 0 1082 3678; baseline 0 1"><span class='ocrx_word' id='word_1_192' title='bbox 0 0 1082 3678; x_wconf 95' lang='lat' dir='ltr'> </span> 
     </span>
    </p>
   </div>
  </div>
 </body>
</html>
