2154 3678
492 242 702 303 -64-

193 391 305 462 verini,
321 389 468 450 barbarus
485 409 614 468 genere,
633 389 685 468 qui
699 390 854 468 responsis
872 389 938 448 eius
956 391 1001 450 in·
1058 443 1059 452 ,

193 475 348 550 haerebat,
357 475 512 536 oculorum
522 475 731 534 imbecillitate
739 475 900 552 plurimum
912 495 1001 554 prae·

133 611 136 617 .
194 571 353 640 gravatus,
371 559 522 620 medelam
539 559 597 618 sibi
611 568 769 639 praestare
786 561 850 618 eius
868 561 1003 620 oratione
1060 621 1061 630 ,

193 639 356 726 poscebat,
383 665 474 723 aegre
489 645 592 704 ferens
608 643 792 704 adventitios
809 651 840 702 et
858 652 1004 704 externos

194 731 338 791 salutaris
353 732 470 808 gratiae
485 731 597 789 sentire
614 728 784 808 praesidia,
802 725 922 808 sibique
939 731 1004 789 nul·
1060 720 1061 780 Ῐ

194 817 255 876 lam
284 814 486 875 remediorum
516 834 604 893 opem
632 814 824 893 aliquatenus
854 814 1003 873 exhiberi.
1060 839 1061 898 ᾗ

197 901 255 961 Cui
274 921 381 960 servus
396 901 458 960 Dei
482 899 598 979 inquit:
624 894 818 976 „Expedit²)
834 899 878 958 fili
898 919 1005 979 corpo·
1060 915 1061 982 j

195 987 256 1044 reis
280 983 443 1064 luminibus
471 984 568 1041 eciem
597 983 711 1042 habere
740 985 948 1062 perspicuam,
976 992 1005 1042 et
1060 1005 1061 1052 5

197 1069 356 1129 exterioris
377 1067 457 1125 oculi
482 1067 594 1125 clarum
612 1068 769 1145 praeferre
793 1078 1004 1148 conspectum:

197 1173 249 1212 ora
264 1153 360 1229 magis
376 1162 409 1210 ut
427 1152 546 1210 obtutus
561 1160 721 1230 vegetetur
736 1154 890 1212 interior.“
920 1154 1005 1212 Tali·

195 1239 252 1297 bus
268 1233 392 1315 igitur³)
411 1238 532 1296 monitis
554 1237 752 1311 informatus,
777 1237 861 1296 dedit
883 1229 1007 1316 operam

193 1317 289 1382 ‘corde
310 1323 407 1401 magis
427 1322 533 1381 videre
555 1340 646 1400 quam
666 1341 807 1402 corpore,
834 1324 1007 1403 meruitque

198 1409 313 1488 absque
328 1408 391 1466 ullo
407 1406 531 1466 fastidio
553 1406 732 1466 mirabiliter
748 1409 779 1465 in
796 1408 942 1466 orationis
963 1409 1006 1467 ef-

197 1493 248 1552 fici
255 1490 280 1569 4)
299 1493 426 1570 iugitate
443 1493 616 1566 continuus,
639 1501 669 1551 et
676 1488 702 1567 ⁵)
720 1492 924 1571 quadraginta
942 1492 1007 1552 fere

198 1573 319 1658 annisi)
335 1579 366 1636 in
381 1578 556 1636 monasterii
572 1575 709 1636 excubiis
723 1597 941 1657 perseverans,
957 1597 1007 1636 eo·
1060 1617 1061 1628 ,

199 1662 268 1722 dem
286 1681 346 1740 quo
364 1681 528 1720 conversus
545 1670 591 1720 est
607 1660 682 1719 fidei
702 1663 805 1722 calore
820 1658 1007 1739 transivit7).
1060 1725 1061 1728 Ἴ

260 1746 414 1804 XXXVI.
437 1745 474 1803 In
487 1745 555 1804 loco
568 1746 691 1805 Boiotro
700 1745 724 1825 ¹)
740 1747 879 1826 superius
895 1767 1008 1807 memo·

198 1839 281 1904 rato,
308 1828 455 1909 quosdam
475 1838 536 1890 tres
565 1831 730 1892 monachos
759 1833 807 1890 sui
832 1832 1009 1892 monasterii
1060 1863 1061 1924 l

201 1916 307 1975 doctor
334 1915 455 1974 humilis
483 1914 644 1993 superbiae
666 1916 814 1976 foeditate
841 1935 1008 1995 respersos,
1060 1929 1061 2000 l

200 2001 271 2061 dnm
292 2020 346 2079 pro
370 2001 432 2058 suis
457 2000 593 2078 singulos
621 2001 799 2061 excessibus
823 2003 1007 2080 increpatos,

201 2085 311 2146 durare
331 2086 362 2144 in
377 2086 513 2164 pernicie
532 2086 770 2163 comprobasset,
789 2085 887 2146 orarit
901 2095 937 2144 ut
957 2105 1009 2146 eos
1060 2139 1061 2144 ,

200 2172 350 2231 Dominus
372 2171 404 2228 in
429 2169 623 2249 adoptionem
642 2171 794 2250 recipiens
809 2172 939 2230 filiorum
955 2191 1007 2250 pa·

200 2249 287 2314 terno
302 2254 480 2332 dignaretur
494 2255 617 2332 flagello
634 2257 792 2336 corripere.
823 2257 914 2315 Prius
935 2275 1008 2333 ergo

202 2358 292 2418 quam
317 2339 483 2399 orationem
517 2341 619 2400 effusis
650 2341 794 2420 lacrymis
820 2341 1008 2414 terminaret,
1060 2349 1061 2410 l

251 2556 281 2620 2)
297 2554 471 2605 Contrarium
488 2555 571 2607 lectio
590 2556 657 2609 cod.
675 2559 708 2608 B.
726 2559 845 2624 indicat,
863 2560 950 2612 habet
969 2563 1009 2609 et-

204 2625 289 2674 enim:
308 2624 367 2674 Ncn
384 2625 437 2687 tiss,
457 2626 547 2690 inquit,
566 2628 682 2690 eopedit.

251 2691 267 2742 3
297 2692 402 2755 erpoB.

251 2760 267 2808 4
295 2760 386 2823 perfici
402 2759 433 2809 B.

252 2825 279 2891 5)
297 2842 346 2891 per
363 2827 504 2878 interserit
520 2827 566 2889 B.;
591 2833 619 2879 et
636 2829 732 2880 scribit
750 2846 838 2882 aanor.

253 2892 279 2956 6)
298 2909 379 2944 annos
396 2895 427 2945 B.

251 2961 279 3026 7)
297 2963 333 3011 ad
349 2963 477 3012 Dorticum
495 2962 556 3013 add.
572 2963 605 3012 Β.

254 3027 279 3092 1)
298 3028 391 3079 Boitro
409 3030 441 3080 B.
