2154 3678
496 228 706 292 ..48-

198 380 288 440 iuniis
310 388 342 437 et
364 379 477 456 vigiliis
499 379 720 458 quiescamus.“
751 377 819 461 Quo
843 376 945 448 dicto,
969 377 1017 434 vir

197 465 259 525 Dei
274 464 416 544 lacrymis
431 465 596 541 urgebatur
610 463 802 540 ingentibus,
825 460 906 541 qnod
923 463 959 520 in
975 463 1015 520 ri·

199 549 330 608 diculam
346 551 513 608 vanitatem
529 550 644 608 eunctis
658 547 851 607 audientibus
865 546 1016 606 sacerdos

200 629 390 713 cruperit¹¹l.
430 634 547 713 Aperta
568 652 700 713 namque
721 632 889 691 scurrilitas
911 631 1016 690 laten-

198 721 273 778 tium
289 729 335 778 est
349 719 523 778 testificatio
538 717 725 777 delictorum.
756 716 888 775 Sanctus
905 717 1015 796 itaque

198 807 261 876 vir,
277 823 329 862 cur
342 805 386 863 ita
399 804 486 863 fleret
500 805 703 880 interrogatus
720 821 738 860 a
753 801 912 860 fratribus:
937 802 1014 873 „Vi-

200 890 267 961 deo,
287 887 395 967 inquit,
411 890 533 966 plagam
548 889 755 964 gravissimam
771 886 858 944 nobis
876 887 1014 944 absenti·

198 974 255 1032 bus
270 974 341 1032 huic
354 974 420 1031 loco
436 972 572 1050 protinus
589 981 781 1040 eventuram,
800 967 879 1048 ut¹²)
897 969 1014 1030 Christi

200 1058 333 1118 sacraria
350 1053 489 1136 (qu0d13)
505 1057 570 1114 sine
586 1057 700 1133 gemitu
716 1075 807 1133 cogor
823 1053 1010 1133 exprImere)

199 1142 331 1200 humano
351 1143 500 1218 sanguine
520 1139 749 1213 redundabunt,
771 1142 803 1199 in
823 1149 960 1213 tantum,
981 1149 1014 1198 ut

201 1227 292 1285 etiam
306 1225 390 1284 locus
406 1227 463 1284 iste
479 1224 641 1284 violandus
657 1227 710 1298 sit,
732 1226 848 1284 namin
864 1226 1012 1302 baptiste·

177 1334 179 1338 ·
199 1311 245 1370 rio
257 1307 497 1391 loquebatur14).
520 1303 571 1368 Ad
584 1311 739 1390 antiquum
752 1311 854 1389 itaque
871 1319 902 1369 et
917 1312 1013 1368 omni·
1056 1319 1057 1328 ¹

116 1438 119 1444 ·
200 1394 256 1455 bus
272 1395 369 1456 maius
386 1395 603 1455 monasterium
618 1415 718 1470 suum,
735 1395 821 1453 iuxta
840 1415 942 1453 muros
961 1416 1013 1474 op·
1056 1455 1057 1466 ,

201 1471 265 1560 pidi
286 1480 450 1554 Fabianis,
479 1479 559 1560 quod
582 1488 702 1540 centum
724 1488 754 1539 et
773 1481 855 1538 ultra
876 1479 1013 1540 millibus

202 1565 317 1638 aberat,
332 1567 468 1626 Danubii
486 1566 683 1641 navigatione
696 1563 853 1624 descendit
863 1560 914 1641 ¹⁵).
938 1565 1014 1623 Mox

201 1651 292 1727 igitur
310 1670 345 1710 eo
365 1645 617 1726 descendentem)
630 1647 845 1708 Hunimundus
855 1644 892 1726 ¹⁷)
906 1649 1014 1728 paucis

201 1733 338 1792 barbaris
355 1735 527 1807 comitatus,
545 1733 705 1812 oppidum,
722 1742 757 1792 ut
774 1731 906 1792 Sanctus
922 1755 1014 1812 prae·

202 1817 336 1888 dixerat,
354 1818 479 1878 Batavis
495 1819 624 1890 invasit;
645 1839 681 1877 ac
698 1838 777 1897 pene
794 1819 912 1877 cunctis
928 1838 1014 1877 man-

202 1903 320 1962 soribus
346 1905 377 1961 in
400 1922 498 1964 messe
525 1902 673 1975 detentis,
701 1902 905 1982 quadraginta
926 1905 1013 1965 uiros

203 1988 320 2068 oppidi,
343 1989 395 2067 qui
411 1987 449 2046 ad
471 1985 638 2048 custodiam
652 1996 874 2058 remanserant,
898 1990 1013 2048 intere·

202 2075 264 2132 mit.
296 2071 515 2154 Presbyterum
529 2091 651 2152 quoque
665 2073 760 2146 illum,
776 2073 903 2152 quitum
918 2075 1012 2133 saeri-

202 2157 274 2235 lega
287 2154 328 2235 18)
351 2167 457 2217 contra
477 2158 625 2240 famulum
646 2156 758 2217 Christi
779 2159 811 2216 in
832 2156 1012 2235 baptisterio

202 2242 304 2301 fuerat
324 2243 476 2316 elocutus,
500 2242 539 2302 ad
562 2241 693 2302 eundem
713 2242 812 2304 locum
832 2242 1013 2318 confugien-

239 2473 280 2539 ll)
299 2482 422 2540 eruperat
439 2477 470 2525 Β.

238 2543 280 2604 12)
299 2550 324 2595 et
342 2545 374 2592 B.

239 2610 280 2672 13)
299 2613 367 2678 quod
388 2627 438 2661 non
461 2613 515 2661 aine
537 2614 629 2676 pemitu
645 2612 677 2662 Β.
702 2612 812 2662 videtur
835 2612 922 2677 magis
945 2629 1011 2677 qua-

204 2679 284 2728 drare
302 2680 458 2729 insensum
477 2684 504 2729 et
522 2679 734 2746 dispositionem
755 2680 840 2731 animi
861 2680 1010 2745 loquentis.

239 2745 282 2810 14)
302 2747 468 2814 loquebantur
484 2747 516 2797 B.

239 2814 281 2872 15)
299 2815 498 2880 nanipationidua
515 2815 684 2866 descendebat
700 2817 732 2865 Β.

241 2880 281 2941 16)
299 2884 444 2934 discedente
462 2884 495 2932 Β.

239 2948 280 3009 17)
301 2949 482 3001 chunimundus
490 2951 522 3000 B.
540 2952 720 3002 Hunnmunoua
731 2952 876 3002 Baronius.

240 3014 283 3085 18)
300 3019 424 3082 sacriteye
441 3018 473 3067 B.
