2154 3678
396 167 600 284 4,-

82 369 291 444 descendens,
306 378 433 447 accepta
449 367 597 447 securi9),
613 380 717 450 postes
735 371 816 431 facta
832 393 898 432 ora-

83 457 169 518 tione
186 455 346 534 percussit,
367 463 458 535 atque
476 454 515 514 ad
532 475 643 535 aquam
657 456 788 516 fluminis
805 477 898 517 vene·

78 540 203 600 ,randae
218 541 317 598 crucis
334 557 479 617 expresso
498 539 660 616 signaculo·
677 539 771 600 dixit:
800 544 898 616 „Non

84 637 118 685 te
140 627 214 684 sinit
228 621 265 696 ¹⁰)
288 625 437 684 Dominus
462 645 547 684 meus
570 626 658 684 Iesus
680 623 817 685 Christus
841 627 898 686 hoo

81 712 208 787 signum
231 709 329 768 crucis
351 708 534 771 excedere.“
566 711 617 768 Ex
631 710 685 768 illo
701 711 805 789 itaque
824 720 898 771 tem-

81 815 178 873 pore,
202 815 268 852 cum
293 813 330 852 ex
350 814 433 854 more
454 794 564 852 fluvius
587 796 735 854 crevisset
748 797 780 852 in
797 815 898 854 cumu-

82 881 149 952 los,
181 878 386 958 ambissetque
411 879 553 938 viciniam
576 899 667 958 quam
694 880 826 954 solebat,
856 882 900 940 ita

83 966 196 1045 spatiis
213 963 366 1024 ecclesiae
386 971 451 1023 erat
472 960 658 1040 inferior-¹1),
681 974 715 1024 ut
735 985 899 1045 numquam

82 1051 188 1108 sancti
207 1049 338 1127 patibuli
361 1049 563 1126 signaculum,
595 1049 675 1130 quod
702 1051 900 1130 impresserat

82 1135 177 1193 homo
195 1133 265 1206 Dei,
282 1153 403 1212 prorsus
419 1133 593 1194 excederet.

153 1218 239 1278 XVI.
269 1217 393 1278 Accidit
410 1228 527 1291 autem,
552 1228 586 1276 ut
606 1219 724 1278 castelli
738 1218 900 1302 presbyter

83 1303 246 1362 memorati
273 1301 434 1361 admodum
456 1303 658 1376 venerabilis,
685 1302 821 1364 Silvinus
846 1325 899 1364 no·

82 1389 177 1462 mine,
195 1396 377 1460 moreretur,
395 1397 426 1446 et
441 1407 507 1446 cum
523 1389 553 1446 in
571 1387 704 1446 ecclesia
720 1388 832 1446 feretro
845 1408 898 1467 po·

84 1475 147 1532 sito
168 1481 288 1532 noctem
307 1472 477 1551 psallentes
499 1470 658 1530 duxissent
673 1491 712 1529 ex
730 1491 811 1530 more
830 1493 899 1550 per-

84 1558 225 1635 vigilem,
240 1558 300 1615 iam
319 1558 509 1615 clarescente
518 1553 540 1632 ¹)
557 1555 699 1626 diluculo,
716 1556 835 1632 rogavit
851 1558 899 1615 vir

83 1644 150 1703 Dei
171 1641 269 1702 fessos
290 1641 486 1722 presbyteros
512 1649 543 1698 et
570 1639 715 1699 diaconos
739 1641 899 1701 universos

83 1746 250 1806 parumper
269 1726 453 1800 abscedere,
476 1733 510 1783 ut
530 1733 600 1803 post
621 1725 755 1784 laborem
777 1726 900 1804 vigilia-

83 1832 155 1870 rum
167 1831 269 1870 somno
282 1833 315 1871 se
327 1810 549 1890 aliquantulum
565 1818 749 1872 recrearent.
779 1809 899 1890 Quibus

85 1897 234 1972 egressis,
263 1897 349 1954 homo
369 1897 429 1956 Dei
453 1897 622 1968 ostiarium,
650 1896 823 1955 Maternum
844 1917 897 1956 no·

83 1983 184 2053 mine,
200 1982 381 2058 interrogat,
403 1989 502 2040 utrum
519 2000 639 2051 omnes,
661 1988 695 2038 ut
712 1980 854 2039 dixerant
861 1975 897 2056 ²),

85 2065 318 2126 abscessissent.
352 2066 394 2124 At
409 2065 462 2126 illo
477 2063 682 2144 respondente
706 2075 830 2124 cunctos
846 2064 898 2122 ab·

86 2151 177 2210 iisse:
207 2151 452 2230 „Nequaquam,
476 2151 535 2222 ait,
558 2148 613 2208 sed
631 2149 709 2206 latet
729 2149 779 2208 hio
804 2169 898 2229 quae·

86 2231 224 2314 dam3).“
256 2235 345 2294 Tunc
360 2235 470 2294 ianitor
484 2234 637 2293 ecclesiae
655 2242 743 2312 septa
764 2236 898 2295 seeundo

139 2453 166 2518 9)
186 2454 365 2518 transpositio
383 2454 412 2502 in
430 2454 476 2503 B.:
494 2455 549 2516 ipse
566 2453 671 2514 oirDei,
691 2459 798 2518 accepta
815 2457 901 2503 securi

84 2522 176 2572 subter
193 2523 358 2584 Maeandrus,
373 2527 463 2585 postes
478 2521 552 2582 sacta
569 2523 685 2570 oratione
704 2527 758 2570 etc.

124 2603 170 2670 10)
187 2608 254 2655 sinat
272 2606 303 2657 Β.

124 2689 167 2754 ll)
186 2690 294 2752 inferius
311 2690 358 2756 A.;
390 2688 527 2740 fefellisse
552 2693 624 2740 enim
645 2689 755 2740 videtur
777 2687 901 2738 scriben-

85 2764 146 2808 tem
166 2758 256 2807 exitus
274 2758 351 2808 vocis
368 2758 464 2822 fluuius.

143 2841 168 2907 1)
187 2848 317 2892 marcente
334 2841 365 2890 B.

141 2925 168 2992 2)
188 2927 217 2975 in
235 2926 369 2992 singulari
387 2932 414 2974 ut
431 2927 536 2978 eliserat
554 2928 586 2977 B.

141 3009 167 3074 3)
187 3012 286 3077 quidam
303 3011 335 3061 B.

552 3107 565 3135 Ι
