2154 3678
207 386 343 462 signatur
364 383 410 442 lit.
432 383 476 458 A3
511 403 529 441 a
555 392 640 460 tergo
665 382 817 441 invenitur
843 381 1014 460 adscriptus

205 506 345 545 numerus
367 485 519 545 LXXIX.
563 483 683 561 Singuli
705 484 777 542 tomi
799 485 892 542 etiam
914 483 1014 543 literis

205 606 233 660 a,
247 587 276 660 h,
294 607 318 662 e,
337 586 356 644 d
372 587 604 663 distinguuntur.
641 585 690 644 Ab
711 586 798 644 initio
823 585 1015 644 uniuscuius-

205 708 265 768 que
289 690 362 747 tomi
386 688 541 747 invenitur
564 687 736 764 inscriptio:
761 688 844 760 „Est
866 687 1014 764 composi·

204 800 268 849 tum
304 810 323 848 a
356 788 532 848 Secundino
568 789 736 868 Episcopo
758 788 1014 847 Taurominitano

203 901 339 970 tempore
366 889 398 952 S.
430 890 572 968 Gregorii
597 891 738 970 Papae.“
782 889 846 950 Sed
878 879 1015 948 secu'nda

172 995 175 1003 ¹
203 1012 311 1051 manus
341 1000 424 1050 reete
452 991 586 1050 addidit:
633 1011 787 1063 „erronea
817 992 984 1068 inscriptio.
994 994 1013 1023 “

203 1093 308 1152 Prima
340 1093 415 1151 folia
448 1093 480 1150 in
508 1100 612 1151 nostro
645 1091 759 1151 Codice
792 1092 1015 1153 desiderantur.

205 1193 347 1254 Ceterum
371 1201 472 1252 exstat
490 1193 569 1252 bene
591 1203 797 1253 conservatus.
833 1193 893 1252 Per
910 1213 1015 1253 omnes

204 1304 308 1376 partes
329 1294 367 1354 ab
391 1315 452 1354 una
477 1293 645 1374 eademque
671 1315 762 1355 manu
788 1303 835 1354 est
860 1303 1014 1365 exaratus,

204 1399 229 1456 si
246 1397 440 1476 excipiuntur
454 1396 533 1456 tituli
550 1397 757 1476 capitulorum,
776 1389 861 1475 quic
879 1395 1015 1456 secunda

190 1495 297 1558 'manu
313 1499 415 1558 colore
431 1499 521 1558 rubro
538 1499 593 1558 vei
609 1502 640 1556 in
656 1500 791 1576 margine
807 1497 947 1576 adspersi
963 1497 1014 1556 vel

202 1601 322 1678 inipso
351 1608 496 1658 contextu
518 1601 689 1677 interpositi
711 1599 913 1676 reperiuntur.
950 1599 1014 1656 Ini-

202 1700 293 1760 tiules
316 1709 386 1760 sunt
411 1701 532 1759 maioris
552 1701 683 1768 formae,
710 1720 771 1758 non
793 1701 888 1760 semel
908 1700 1013 1777 figuris

204 1811 371 1861 exornatae
379 1800 419 1879 ³⁸)
458 1799 566 1860 Codex
582 1802 632 1860 hie
653 1809 700 1860 est
714 1801 966 1861 membranaceus
981 1802 1013 1859 in

202 1904 299 1962 forma
314 1904 461 1977 maxima,
488 1904 629 1964 foliorum
644 1912 705 1966 290.
733 1903 807 1962 Vita
823 1901 854 1963 S.
872 1903 1015 1964 Severini

204 2006 358 2064 exorditur
381 2025 485 2085 apag.
502 2014 536 2068 29
557 2014 588 2064 et
609 2004 720 2063 desinit
741 2005 773 2062 in
789 2024 860 2082 pag.
876 2013 920 2065 40.
949 2005 1013 2062 Re-

203 2107 347 2167 ferendus
358 2126 432 2182 „esse
446 2105 567 2166 videtur
579 2107 611 2165 in
625 2104 780 2165 saeculum
793 2104 941 2165 decimum
948 2104 1012 2182 **).

202 2293 404 2302 n—-n———nn

253 2409 278 2472 *i
308 2412 350 2459 Eu
368 2411 507 2475 specimen
525 2409 647 2458 eiusdem
663 2408 693 2456 in
709 2407 805 2458 tabula
826 2409 896 2458 libro
918 2412 1013 2458 nostro

203 2495 323 2544 adiecta.

239 2609 280 2676 *Ἴ
296 2611 335 2662 ei.
348 2613 479 2680 Matillon.
493 2612 527 2661 de
540 2628 569 2662 re
582 2611 693 2676 diplom.
711 2611 730 2660 l.
742 2611 767 2661 5.
786 2627 812 2676 p.
826 2608 883 2661 367.
902 2610 1012 2660 Tebell.

201 2698 277 2748 XiII.
295 2698 328 2748 N.
341 2697 366 2748 2.
385 2698 537 2761 scripturae
550 2712 625 2746 saec.
637 2697 671 2745 X.
692 2723 721 2731 -
738 2697 805 2745 Post
822 2710 883 2744 eum
897 2711 930 2744 ex
942 2696 1012 2745 urbe

203 2787 302 2832 sancta
314 2782 344 2830 in
356 2783 472 2846 patriam
484 2781 601 2831 reditum
613 2781 681 2829 mihi
695 2779 730 2829 ad
742 2795 838 2829 manus
851 2779 929 2829 venit
941 2794 1011 2844 opus

202 2867 236 2916 el.
249 2867 298 2915 Dr.
311 2865 345 2914 B.
359 2866 445 2916 Dudik
457 2865 490 2915 0.
498 2865 560 2915 S.B.
581 2863 651 2928 (Iter
663 2865 814 2928 Romanum
827 2864 849 2912 Ι.
864 2864 914 2912 Th.
928 2864 1012 2913 Wien

203 2949 288 3014 1855),
299 2952 345 3015 qui
356 2966 421 3016 pag.
431 2949 463 3000 62
477 2949 589 2999 Codicis
602 2949 710 3000 laudati
722 2949 888 2998 mentionem
901 2948 1011 2997 faciens

202 3035 317 3085 eandem
328 3039 421 3085 tuetur
432 3035 599 3100 opinionem.
