2154 3678
501 225 711 286 -30-

204 376 378 437 monasterii
405 375 462 434 fuit
487 373 641 446 aedituus,
669 393 759 452 quem
782 373 817 430 B.
845 370 1021 431 Severinus

203 461 376 520 redemerat
398 480 414 518 e
435 459 573 518 manibus
594 456 798 517 barbarorum.
833 457 917 515 Huic
943 478 1021 537 qua-

205 545 272 604 dam
292 545 341 603 die
362 545 521 624 praecepit
541 545 587 601 vir
606 543 668 601 Dei
689 541 810 600 dicens:
840 541 957 614 „Cave
983 563 1021 600 ne

203 629 294 688 hodie
312 625 524 706 digrediaris1)
542 628 670 703 alieubi,
691 628 826 705 alioquin
843 628 1021 685 imminenti

202 715 339 792 periculo
360 734 419 773 non
442 713 592 774 carebis.“
622 711 682 771 Hie
705 732 777 788 ergo
799 721 903 768 eontra
926 733 1020 790 prae·

205 808 325 878 ceptum
347 799 424 857 tanti
443 799 552 876 patris,
578 798 723 856 secularis
745 796 902 854 cuiusdam
920 797 1019 855 homi·

202 885 249 942 nis
271 903 434 963 persuasu,
462 881 589 940 meridie
614 881 653 939 ad
675 880 848 958 colligenda
870 902 966 960 poma
989 884 1018 940 in

204 967 337 1028 seeundo
361 967 537 1025 aFabianis
559 967 701 1024 milliario
725 985 880 1042 egressus,
904 987 979 1024 mox
1001 985 1018 1023 a

202 1051 339 1111 barbaris
354 1051 497 1110 Danubio
519 1059 710 1108 transvectus
727 1057 775 1108 est
789 1070 856 1108 eum
871 1070 930 1109 suo
947 1071 1016 1130 per·

202 1155 326 1194 suasore
342 1137 490 1213 captivus.
518 1135 555 1192 In
569 1135 624 1192 illa
639 1135 715 1192 hora
725 1136 849 1206 virDei,
864 1134 938 1194 dum
950 1138 982 1193 in
991 1133 1014 1211 ²)

204 1220 316 1278 cellula
330 1219 462 1297 legeret,
491 1220 595 1278 clauso
613 1228 740 1298 repente
756 1219 876 1279 codice:
901 1222 1015 1294 „Mau-

201 1324 275 1378 rum,
290 1306 341 1377 ait,
357 1307 416 1364 eito
431 1306 607 1383 requirite.“
633 1303 702 1381 Quo
717 1324 865 1384 nusquam
879 1316 1015 1382 reperto,

202 1391 268 1468 ipse
285 1390 464 1470 quantocius
480 1390 552 1449 Istri
566 1391 680 1448 fluenta
701 1401 949 1468 praetermeanS,
973 1391 1017 1447 la·
1054 1419 1055 1438 ι

202 1483 303 1534 trenes
328 1471 561 1553 properantesss)
586 1476 772 1554 insequitur,
805 1495 880 1554 quos
902 1475 1017 1551 vulgus

202 1557 362 1620 Seameras
371 1556 397 1637 4)
406 1560 593 1639 appellabat.
612 1558 1016 1638 Cuiusvenerandamprae-

201 1643 328 1703 sentiam
344 1664 403 1703 non
419 1645 568 1716 ferentes,
591 1645 747 1722 supplices
768 1663 842 1722 quos
867 1653 1018 1722 ceperant

200 1727 364 1786 reddidere
385 1726 566 1804 captivom).
1054 1771 1055 1794 ,

266 1813 325 1870 XI.
355 1808 469 1890 Dum1)
486 1812 586 1872 adhue
606 1813 713 1872 Norici
729 1813 874 1891 Ripensis
899 1813 1016 1892 oppida

201 1898 359 1975 superiora
383 1906 572 1970 constarent,
603 1906 632 1956 et
657 1919 737 1977 pene
760 1898 877 1956 nullum
903 1899 1016 1957 castel-

201 1983 263 2042 lum
281 1982 476 2041 barbarorum
493 1984 604 2041 vitaret
618 1983 772 2054 incursus,
794 1992 854 2041 tam
873 1983 1016 2057 eeleber·

201 2069 276 2126 rima
299 2069 331 2128 S.
349 2066 489 2126 Severini
509 2067 658 2144 flagrabat
682 2069 797 2147 opinio,
817 2076 852 2126 ut
874 2070 1015 2126 certatim

202 2171 269 2211 eum
285 2151 373 2210 adse
392 2153 521 2212 castella
536 2153 656 2229 singula
677 2173 731 2231 pro
753 2153 815 2211 suis
838 2154 1016 2211 munitioni-

201 2236 257 2294 bus
275 2238 449 2311 invitarent,
467 2238 625 2296 oredentes
649 2236 730 2317 quod
752 2239 817 2296 eius
835 2239 1017 2315 praesentia

200 2319 277 2377 nihil
309 2321 352 2377 eis
384 2321 507 2381 adversi
538 2322 684 2380 eveniret.
729 2320 819 2398 Quod
851 2341 912 2383 non
945 2323 1016 2383 sine

201 2455 317 2462 ——.-.—
324 2456 402 2461 ----

254 2537 278 2604 1)
297 2539 499 2601 transgrediaris
517 2538 548 2587 B.

251 2607 280 2670 2)
299 2608 325 2655 in
343 2621 393 2655 om.
413 2604 444 2652 Β.

252 2673 279 2739 3)
298 2672 495 2724 adverbialiter
509 2682 684 2737 properanter
702 2675 733 2727 B.

250 2741 276 2805 4)
295 2743 430 2794 Scumuros
446 2740 479 2791 Β.

251 2810 276 2872 5)
297 2809 390 2860 Codex
408 2810 439 2858 A.
460 2807 494 2858 ad
513 2808 665 2872 marginem
685 2809 796 2858 exhibet
820 2817 1014 2874 argumentum

201 2879 341 2941 sequentis
374 2877 487 2942 eapitis,
521 2891 616 2925 verum
645 2876 731 2925 verba
759 2878 882 2927 eiusdem
912 2893 1013 2929 manea

202 2949 278 3078 sunt}
302 2946 437 3010 reperitur
455 2944 526 2994 enirn
544 2943 574 2992 in
592 2959 756 3009 pergameno
775 2944 889 2995 lacinia.

252 3012 264 3061 l
298 3013 356 3063 Com
370 3014 402 3063 B.
