2154 3678
395 247 602 306 ..57-

93 394 133 454 ad
163 393 339 468 dexteram,
375 395 455 454 viam
485 397 703 456 demonstravit
728 397 903 477 optabilem.

94 481 199 540 Tanta
224 482 305 539 enim
332 500 384 539 eos
410 482 530 541 interea
552 481 666 560 pedine
687 482 904 562 praecedebat,

94 575 208 645 quanto
222 565 339 624 recenti
348 560 386 638 11)
399 568 529 644 vestigio
546 569 683 626 semitam
697 577 904 646 praepararet.

92 651 204 730 Itaque
221 647 431 750 progrediens
459 651 558 710 bestia
582 671 638 729 per
663 654 756 712 eremi
778 655 903 712 vastita-

92 744 173 808 tem,
199 735 281 794 viros
307 735 359 814 qui
388 737 492 811 egenis
517 734 697 795 deferebant
716 737 827 796 solatia
846 758 906 796 non

94 820 231 899 reliquit,
245 818 300 878 sed
313 838 412 898 usque
425 819 464 878 ad
479 819 655 879 habitacula
669 822 831 891 hominum,
846 841 905 900 qua

92 907 195 984 potuit
219 905 407 963 humanitate
426 903 584 982 perduxit,
614 914 645 964 et
669 925 739 964 mox
763 907 795 964 in
815 925 905 964 unum

92 998 212 1068 partem
228 988 328 1048 officio
346 988 470 1048 divertit
481 991 620 1070 expleto:
646 989 808 1050 ostendens
820 999 905 1048 tanto

93 1074 203 1134 ductus
214 1070 253 1152 12)
267 1073 377 1147 officio,
395 1075 468 1152 quid
483 1076 620 1134 homines
631 1076 802 1135 hominibus
817 1095 905 1155 prue-

93 1168 177 1218 stare
190 1157 333 1231 debeant,
349 1169 555 1238 quantumque
568 1162 703 1220 caritatis
717 1159 904 1239 impendere,

94 1263 164 1303 cum
188 1242 423 1324 desperantibus
444 1247 503 1303 iter
524 1245 625 1304 bestia
647 1265 740 1304 saeva
759 1255 906 1303 monstra·

80 1330 186 1389 uerit.
223 1329 321 1405 Igitur
338 1348 405 1387 cum
421 1348 510 1388 servo
525 1329 587 1388 Dei
604 1331 830 1401 nuntiarentur,
853 1329 906 1408 qui

92 1422 254 1487 venerunt,
272 1414 328 1472 uit:
357 1413 426 1486 Sit
436 1433 546 1472 nomen
560 1414 685 1472 Domini
705 1413 905 1473 benedictum.

93 1459 312 1576 Ingrediairtur
334 1458 445 1576 qiiibus
466 1499 547 1556 viam
570 1517 631 1576 qna
655 1499 797 1557 venirent
818 1517 905 1557 ursus

94 1583 246 1663 aperuitf‘
278 1580 346 1658 Quo
365 1581 468 1640 andito
492 1581 538 1641 illi
554 1593 675 1662 stupore
701 1585 793 1642 nimio
817 1584 907 1641 mira·

95 1661 254 1743 bantnr¹³)
270 1668 367 1726 virum
382 1667 443 1726 Dei
459 1667 575 1727 referre
592 1667 633 1742 id,
654 1668 759 1747 quod
750 1689 782 1727 1n
797 1667 906 1727 absen-

7 1825 13 1834 ι
94 1755 141 1812 tia
156 1761 351 1830 provenerat.

161 1835 269 1895 XXX
292 1836 383 1897 Cives
400 1837 472 1896 item
490 1837 596 1916 oppidi
612 1838 755 1897 Lauriuci
771 1846 802 1896 et
818 1857 906 1916 supe-

93 1923 207 1983 riorum
218 1921 439 2006 transfugae
416 1922 619 1993 castellorum,
633 1921 673 1981 ud
687 1930 829 1999 suspecta
839 1921 909 1980 loca

96 2007 341 2086 exploratoribus
362 1993 538 2080 destinatis,
560 2007 664 2066 hostes
681 2015 826 2086 quantum
842 2014 909 2082 pot·

96 2101 187 2153 erunt
197 2091 329 2150 hnmana
341 2090 547 2150 sollicitudine
558 2089 795 2168 praecavebunt.
822 2088 907 2167 Quos

95 2174 908 2253 servusDeidivinitatisinstinctucommunitusprae·

97 2280 175 2339 saga
190 2271 290 2319 mente
306 2254 521 2351 perstruxit¹),
538 2269 572 2319 ut
586 2279 703 2320 omnem
718 2261 908 2340 paupertatis

96 2365 174 2407 suae
203 2345 417 2404 sufficientiam
447 2343 527 2404 int'ra
557 2364 657 2404 muros
683 2344 909 2418 concluderent,

97 2431 281 2512 quatenus
273 2431 462 2489 mimicorum
487 2430 592 2490 feralis
615 2450 752 2490 excursio
760 2425 805 2508 )
832 2389 909 2488 ninii

96 2514 279 2575 humaniter
258 2523 297 2573 trs
320 2511 499 2590 inveniens,
528 2517 630 2575 statim
653 2515 733 2576 fame
755 2514 910 2594 compulsa

95 2634 292 2642 --——---

137 2697 179 2761 11)
199 2703 294 2764 quanta
311 2705 415 2762 repente
433 2699 465 2748 B.

136 2765 178 2830 12)
197 2772 267 2815 tauto
286 2767 392 2815 ducatur
409 2766 480 2816 male
498 2766 530 2815 Β.

138 2832 178 2896 13)
197 2828 233 2882 B:
248 2833 328 2898 legit:
356 2840 462 2897 stupore
479 2835 587 2905 replet&
613 2832 770 2882 mirabuntur
793 2835 856 2882 enim
877 2835 911 2883 vi-

97 2906 358 3031 wmlietpdruertruoeit
375 2968 407 3018 Β.

152 3035 179 3100 2)
197 3037 308 3086 incursic
322 3037 354 3085 B.
