2154 3678
370 212 580 312 729-

62 358 275 420 sacerdotum.
311 359 379 437 Quo
402 357 501 438 loco⁶)
525 363 694 442 Martyrum
715 381 879 441 congrega·

62 448 111 504 vit
133 445 310 504 sanctuaria
330 446 541 524 plurimorum,
570 466 649 524 quae
670 455 772 506 tamen
791 467 879 525 prae·

65 539 163 589 eunte
194 548 313 607 semper
347 529 536 589 revelatione
568 532 744 609 promeruit,
779 533 879 592 sciens

65 615 280 673 adversarium
296 633 390 693 saepe
406 616 557 694 surripere
565 611 591 694 ⁷)
610 614 665 674 sub
680 616 800 674 nomine
812 635 879 674 san·

66 700 197 760 ctitatis.

133 785 338 863 Episcopatus
353 802 475 862 quoque
493 784 639 842 honorem
659 791 693 842 ut
714 783 881 861 susciperet

64 869 252 949 postulatus,
264 868 426 947 praefinita
440 870 637 947 responsione
646 868 803 942 conclusit,
817 868 878 926 suf-

66 957 167 1014 ficere
190 952 254 1039 sibi·
272 953 392 1027 dicens,
414 953 496 1032 quod
520 953 685 1013 solitudine
708 952 903 1018 desiderata.

65 1040 224 1118 privatus,
258 1036 297 1095 ad
323 1037 408 1096 illam
431 1037 576 1098 divinitus
600 1038 736 1098 venisset
757 1038 879 1114 provin·

66 1127 159 1194 ciam,
176 1132 210 1182 ut
225 1121 321 1180 turbis
336 1122 547 1182 tribulantium
562 1122 774 1203 frequentibus
790 1123 881 1182 inter-

66 1217 163 1268 esset.
196 1208 333 1266 Daturus
355 1208 549 1268 nihilominus
570 1208 724 1267 monachis
747 1207 881 1281 formam,

67 1287 269 1370 sollicitiusss)
295 1289 477 1354 admonebat
503 1292 661 1352 beatorum
685 1293 811 1350 Petrum
829 1310 882 1350 ve·

67 1379 172 1454 stigiis
195 1376 369 1449 inhaerere,
395 1377 504 1455 quibua
527 1385 652 1436 sanctae
678 1375 882 1434 conversatio·

64 1465 118 1524 nis
130 1460 343 1542 adquireretur
354 1462 521 1532 instructio,
533 1458 798 1537 adhibendamque
811 1478 882 1537 ope·

65 1568 145 1619 ram,
160 1567 199 1605 nc
215 1548 242 1605 is
257 1547 309 1625 qui
324 1554 467 1623 parentes
480 1546 604 1624 reliquit
621 1554 651 1604 et
667 1543 804 1603 seculum
819 1539 881 1621 etl)

68 1651 206 1715 pompae
232 1631 379 1691 secularis
405 1628 570 1690 illecebras
595 1639 760 1689 retrorsum
788 1629 883 1706 respi-

68 1716 184 1777 ciendo
213 1725 339 1794 cuperet
367 1711 442 1794 quas
470 1717 635 1786 vitaverat,
655 1725 686 1774 et
712 1711 750 1772 ad
765 1709 803 1790 ¹⁰)
825 1713 884 1772 hoc

66 1803 179 1862 uxoris
206 1801 286 1860 Loth
315 1801 488 1879 exemplum
519 1800 656 1860 terribile
684 1798 883 1878 proponebat.

65 1885 301 1948 Memorabatur
310 1881 347 1962 11)
372 1888 464 1945 etiam
487 1885 594 1945 timore
615 1885 741 1944 Domini
761 1883 883 1942 mortifi-

69 1970 174 2032 canda
190 1990 258 2030 esse
274 1971 431 2030 incentiva
452 1970 625 2044 libidinum,
646 1989 705 2029 nec
724 1967 814 2026 aliter
835 1988 884 2026 su-

68 2055 213 2138 peranda
226 2074 390 2132 corporeae
398 2052 436 2133 ¹²)
451 2054 664 2114 delectationis
680 2047 883 2128 asserebat¹³)

68 2139 231 2212 incendia,
253 2140 313 2198 nisi
334 2141 464 2199 luissent
484 2159 540 2217 per
555 2139 617 2199 Dei
636 2138 765 2216 gratiam
784 2135 883 2218 lacry-

69 2246 191 2288 marum
208 2225 293 2283 fonte
311 2227 465 2285 restincta.

139 2310 182 2369 X.
203 2307 335 2386 Quidam
351 2329 434 2382 vero,
453 2310 573 2369 nomine
588 2309 722 2384 Maurus,
737 2308 885 2371 basilicae

69 2444 278 2460 “—

124 2527 154 2594 6)
174 2545 222 2594 quo
240 2530 266 2577 in
283 2529 338 2579 loco
356 2528 388 2579 Β.

125 2595 154 2660 7)
172 2596 312 2660 subrepere
330 2596 362 2645 Β.

125 2663 153 2726 8)
172 2666 305 2714 sollicitior
322 2664 353 2713 B.

125 2731 154 2793 9)
174 2738 200 2782 et
218 2731 319 2781 excidit
335 2731 364 2780 in
382 2731 414 2780 B.

111 2799 154 2860 10)
174 2801 209 2849 ad
226 2800 272 2850 boc
290 2798 424 2860 finaliter;
443 2799 473 2849 ob
492 2800 539 2850 lace
555 2798 587 2860 B,
608 2797 766 2848 causaliter.

112 2867 156 2929 ll)
175 2867 327 2918 memorabat
339 2867 371 2916 Β.

110 2933 156 2999 12)
174 2938 318 3000 corporalia
334 2936 366 2986 B.

113 3001 154 3067 13)
173 3005 285 3054 asseruit
300 3003 332 3052 Β.
