2154 3678
609 250 648 310 50
692 279 735 289 .-

228 411 381 457 cautorem
407 399 558 458 ecclesiae
580 396 759 471 destinavit,
785 398 981 477 praecipiens
1007 407 1038 457 nt

226 484 446 542 habitationem
463 483 523 543 loci
538 482 621 540 illius
637 501 740 540 omnes
757 484 823 542 sine
845 484 1039 543 cunctatione

227 569 452 648 relinquerent,
467 587 539 626 mox
560 569 638 626 enim
661 567 812 645 perituros
834 567 900 626 fore
921 569 949 626 si
968 589 1039 628 eon-

226 661 399 712 temnerent
415 655 573 731 imperata.
604 652 685 710 Aliis
701 670 772 728 ergo
791 651 830 710 de
849 660 933 710 tanto
950 673 1040 730 prae·

228 741 313 816 sagio
330 737 550 810 dubitantibus,
576 737 645 795 aliis
660 757 721 795 uon
739 736 936 796 credentibus
953 757 1041 815 pror·

227 845 287 895 sus,
301 825 410 882 iterum
425 823 505 880 misit
518 821 710 898 Quintasium
724 820 894 900 quemdam,
907 823 957 880 cui
974 818 1040 899 eti)

227 910 401 988 lacrymans
415 907 471 965 ait:
496 907 616 983 „Perge
631 906 779 978 velocius,
797 905 989 965 denuncians
1004 909 1042 976 ei,

228 994 327 1052 sibae
343 991 455 1049 ibidem
470 999 561 1049 nocte
576 987 793 1068 manserint4),
811 992 877 1049 sine
892 989 1043 1050 dilatione

200 1078 423 1154 'capientur.“
469 1073 614 1132 Sanctum
641 1095 761 1154 quoque
784 1074 1040 1153 Maximiannm5)
1074 1113 1075 1144 r

228 1160 486 1240 spiritualisvitae
499 1159 713 1238 presbyterum
730 1161 893 1218 instantius
910 1162 1043 1240 imperat
1074 1155 1075 1164 ’

227 1245 399 1318 admoneri,
422 1252 455 1302 ut
471 1245 579 1302 saltem
594 1245 660 1322 ipse
679 1245 936 1322 contemptoribus
953 1245 1040 1304 dere·

227 1331 307 1390 lictis
334 1325 548 1410 properaretss)
575 1329 702 1388 coelesti
729 1328 938 1388 misericordia
967 1331 1042 1389 libe·
1075 1358 1076 1368 ¹

225 1417 302 1491 rari3
326 1415 364 1474 de
384 1436 443 1496 quo
460 1414 518 1472 sibi
532 1413 594 1472 Dei
611 1414 741 1472 famulus
756 1433 897 1491 magnam
917 1413 1044 1474 dicebat

227 1501 329 1559 inesse
355 1501 554 1572 moestitiam,
578 1519 617 1558 ne
639 1499 718 1557 forte
741 1498 931 1557 salutiferum
956 1499 1043 1559 diffe-

223 1585 321 1644 rendo
344 1583 535 1656 mandatum,
556 1584 725 1642 imminenti
746 1583 918 1642 subiaceret
934 1586 1044 1643 exitio.

226 1669 408 1728 Praedictus
424 1670 528 1748 itaque
544 1688 677 1747 pergens
702 1670 851 1746 imperata
874 1669 1041 1747 supplevit,

227 1763 258 1811 et
287 1753 414 1832 reliquis
451 1753 666 1812 incredulitate
691 1754 883 1825 nutantibus,
915 1757 1041 1813 nuntius

221 1839 284 1896 viri
300 1838 361 1896 Dei
377 1837 559 1918 presbytero
581 1839 727 1897 renitenti
749 1858 798 1908 se,
823 1848 914 1919 atque
937 1839 1043 1918 bospi-

227 1923 353 1982 talitatis
370 1924 498 1999 gratiam
514 1919 698 2001 praeber0⁷)
714 1924 847 2000 cupienti
862 1923 1045 1984 nullatenus

227 2009 393 2089 acquievit.
422 2005 492 2084 Qua
505 2018 594 2066 nocte
606 2007 716 2067 Heruli
731 2009 885 2086 insperate
900 2010 1046 2086 protinus

227 2093 392 2165 irruentes,
417 2092 621 2172 oppidumque
635 2101 794 2151 vastantes
816 2092 962 2171 plurimos
987 2093 1045 2152 du-

226 2198 300 2237 xere
319 2177 466 2256 captivos,
483 2178 695 2258 presbyterum
703 2173 730 2256 8)
747 2186 943 2236 memoratum
960 2179 1045 2258 pati·

226 2261 298 2320 bulo
320 2259 589 2340 suspendentesi).
625 2261 693 2339 Quo
717 2261 820 2320 audito
846 2282 954 2322 servus
979 2265 1047 2323 Dei

227 2347 360 2422 graviter
375 2345 471 2404 doluit
484 2349 689 2424 praemonitos
699 2341 738 2424 1⁰)
757 2368 820 2406 nou
837 2367 971 2407 curasse.

277 2563 303 2627 3)
321 2571 347 2614 et
364 2563 442 2613 deest
458 2564 487 2612 in
505 2565 537 2615 B.

276 2632 303 2693 4)
321 2633 345 2682 si
361 2635 387 2681 in
405 2632 453 2681 dae
471 2639 544 2682 nocte
561 2638 730 2682 remanserint
749 2634 781 2682 B.

276 2701 303 2762 5)
323 2699 463 2750 Maximum
480 2700 512 2749 B.
539 2701 704 2750 Maximinum
721 2702 822 2750 Baron.

294 2767 303 2834 )
322 2773 384 2832 post
400 2775 557 2832 properaret
576 2768 637 2817 add.
656 2769 688 2816 B.
708 2769 940 2834 praepositionem
960 2785 987 2820 a.

322 2835 518 2900 hospitalitatem
534 2835 660 2900 praebere
678 2835 710 2884 B.

322 2907 384 2969 post
398 2903 575 2967 presbyteram
593 2904 734 2952 interserit
752 2903 784 2952 B.
803 2920 871 2955 aero.
910 2948 915 2962 Ι

321 2973 506 3034 suspenderant
523 2971 555 3019 B.
