2154 3678
357 289 591 326 ——xlx-

822 369 850 411 Pa
872 399 876 408 .

103 419 210 468 securis
221 418 328 467 civibus
334 419 451 483 vIgilare
456 420 503 468 vix
513 421 639 483 suaserit,
649 424 719 488 quod
729 440 808 474 mane
853 383 869 426 g

102 503 255 568 probantes
271 502 428 554 infidelitati
445 506 555 554 veniam
578 521 637 555 oum
660 510 809 572 gratiarum

102 589 214 639 actione
228 589 381 652 poscebant
409 624 808 644 ..........
844 596 876 646 57

64 673 169 726 XXXI.
188 673 328 734 Quomodo
341 674 435 724 Fevae
452 675 513 738 regi
529 675 666 740 Rugorum
685 678 719 726 ad
736 679 809 728 Lau-

101 758 209 807 riacum
223 773 283 808 oum
298 759 421 808 exercitu
432 760 556 808 venienti
568 761 727 824 ooourrerit,
741 769 769 813 et
781 765 810 814 in

101 857 154 892 sua
167 843 219 892 fide
232 842 346 908 populos
359 845 519 908 susceperit,
533 849 564 894 ut
577 861 623 896 eos
634 847 668 896 ad
677 847 810 898 inferiora

101 929 216 992 oppida,
235 929 262 978 id
276 933 319 978 eat
330 928 416 992 Rugis
428 929 562 980 viciniora
574 931 723 982 deduceret
758 969 764 982 .
801 970 807 982 .
843 933 876 983 59

65 1014 182 1063 XXXII.
201 1013 431 1074 Quemadmodum
439 1013 565 1066 Odoacar
574 1033 621 1066 rex
630 1017 736 1082 reliqua
750 1033 766 1067 a
779 1029 809 1068 se

100 1100 228 1164 separari
240 1114 356 1164 poscens
368 1099 538 1158 Ambrosium
548 1103 690 1166 quemdam
703 1103 737 1152 de
751 1104 808 1153 exi-

100 1183 140 1232 lio
158 1183 193 1232 ad
211 1185 284 1234 servi
296 1185 350 1234 Dei
366 1185 475 1236 litteras
493 1188 678 1250 revocaverit,
700 1192 727 1237 et
745 1193 809 1252 quot

101 1268 183 1317 annis
196 1273 359 1334 regnaturus
373 1271 452 1332 foret,
466 1270 656 1322 laudatoribus
667 1274 725 1322 eius
738 1272 809 1321 idem

99 1352 156 1401 Dei
170 1367 264 1404 servus
277 1355 447 1420 praedixerit
499 1390 808 1406 ........
843 1356 876 1406 62

65 1437 193 1486 ΧΧΧΠΙ.
212 1440 254 1488 De
267 1439 324 1489 filio
337 1440 478 1490 cuiusdam
491 1455 524 1488 ex
542 1440 719 1504 optimatibus
736 1443 809 1506 regis

100 1524 239 1587 Rugorum
256 1526 284 1573 in
303 1525 403 1589 oppido
421 1525 585 1590 Comagenis
608 1526 659 1576 viri
676 1526 730 1575 Dei
749 1542 809 1575 ora-

99 1610 177 1658 ti0ne
195 1613 294 1658 sanato
325 1646 807 1663 ............
844 1611 876 1662 63

23 1731 24 1756 ,
65 1693 190 1743 XXXIV.
211 1694 350 1754 eromodo
364 1694 568 1760 elephantiosus
580 1697 689 1760 quidam
698 1697 808 1748 nornine

23 1761 25 1893 y
100 1779 171 1828 Teio
185 1783 294 1827 ouratus
307 1780 344 1829 sit
369 1815 808 1833 ...........
843 1783 875 1833 63

24 1893 26 1924 ,
65 1864 176 1915 XXXV.
197 1863 238 1913 De
252 1864 357 1914 Bonoso
370 1865 516 1927 monacho,
536 1865 656 1929 quidum
669 1866 702 1916 de
717 1866 807 1916 ooulo-

101 1963 160 1997 rum
174 1947 366 1998 imbecillitate
380 1954 570 2013 quaereretur,
590 1950 695 2001 audivit
713 1952 746 2001 ab
766 1968 807 2014 es,

103 2049 152 2083 ora
165 2035 254 2097 magis
267 2037 297 2082 ut
309 2035 389 2084 eorde
404 2034 464 2099 plus
476 2035 586 2095 videas,
602 2051 664 2084 mox
677 2035 808 2085 mirabili·

103 2122 144 2166 ter
159 2118 287 2167 affectum
299 2119 400 2183 iugiter
412 2119 508 2168 orandi
520 2121 669 2184 promeruit
714 2157 720 2171 .
757 2157 763 2170 .
801 2159 807 2171 .
843 2121 875 2173 63
945 2167 949 2190 ,

67 2203 192 2252 XXXVI.
212 2203 808 2270 Detribussuperbientibusmonachis,quos

102 2287 219 2336 tradidit
231 2295 360 2349 satanae,
374 2293 404 2338 ut
416 2305 508 2339 eorum
520 2289 632 2355 spiritus
645 2290 805 2354 salvaretur,

103 2373 136 2421 de
150 2387 204 2436 qua
216 2389 246 2421 re
258 2372 372 2437 prolatis
382 2373 484 2424 duobus
494 2379 601 2441 patrum
613 2375 752 2442 exemplis,
760 2394 807 2427 ve-

24 2487 25 2496 ,
103 2453 311 2507 rissimam'loeo
324 2473 372 2507 suo
385 2459 503 2508 reddidit
516 2462 676 2511 rationem.
713 2499 720 2512 .
757 2500 762 2511 .
799 2498 805 2511 .
842 2459 874 2510 64

70 2542 207 2592 XXXVII.
227 2542 459 2604 Quemadmodum
468 2543 536 2594 horo
545 2545 807 2596 tribulationisMar·

105 2627 179 2676 ciani
193 2632 220 2676 et
232 2628 331 2677 Renati
344 2629 535 2679 monachorum
548 2645 668 2693 suorum,
685 2646 765 2695 quam
777 2631 806 2680 in

105 2711 308 2776 aliaprovincia
318 2715 400 2777 positi
410 2714 718 2778 pertulerunt,0ratione
728 2731 806 2780 praa·

104 2796 228 2846 sentibus
242 2799 360 2848 caeteris
373 2799 504 2848 fratribus
517 2801 620 2850 indicia
633 2801 785 2866 signaverit
798 2838 804 2849 .
840 2798 874 2850 66

72 2882 218 2934 XXXVIII.
237 2882 526 2948 Deperioulolotbalis
536 2884 653 2949 papulae
661 2885 730 2949 quod
740 2891 804 2935 ante

106 2967 288 3031 quadraginta
300 2968 358 3018 dies
367 2968 437 3019 Urso
450 2969 580 3019 monacho
594 2970 713 3019 futurum
727 2975 754 3020 et
766 2987 805 3020 re-

105 3051 242 3104 velatione
255 3052 400 3118 praedixit,
416 3058 444 3104 et
456 3055 578 3104 oratione
590 3056 719 3106 curavit.
754 3092 760 3106 .
797 3094 803 3108 .
839 3054 872 3106 66
