2154 3678
507 220 717 280 -10-

209 378 304 428 matos
316 363 356 445 ⁶³)
379 368 534 446 principes
559 350 767 438 deterrerent,
801 376 900 426 castra
924 369 1022 427 sacri·

208 454 280 530 lega
310 461 502 531 superarent,
536 453 635 512 cultus
662 471 793 531 arasque
824 451 1022 512 daemonicas

208 539 299 614 longe
315 537 439 617 lateque
460 537 629 609 diruerent,
654 537 844 616 civicamque
866 557 1022 606 coronam,

209 624 297 684 sortis
323 617 507 700 decorati⁶⁴)
534 621 733 700 perennibus,
764 620 939 698 splendenti
967 643 1022 701 pa·

207 709 284 766 triae
314 706 520 787 providerent.
564 706 654 767 Unde
685 716 715 765 et
745 727 799 765 nos
834 709 1023 766 ornamentis

208 812 339 872 sponsae
366 791 478 851 Christi
509 790 655 870 quiddam
683 791 817 850 fraterno
850 791 1022 850 ministerio

207 875 363 955 provideri
383 870 613 953 gaudemusffi),
637 895 699 934 non
724 874 806 956 quod
831 871 959 953 illis‘ffi),
989 886 1023 936 ut

210 960 314 1031 credo,
340 959 525 1038 temporibus
553 958 683 1018 defuerit
710 961 819 1018 clarior
838 961 903 1017 vita
923 963 1022 1021 maio·

207 1064 287 1118 rum,
306 1044 361 1104 sed
374 1043 459 1124 ‘quod
477 1043 597 1102 domum
612 1044 712 1120 magni
725 1045 806 1122 regis
822 1043 1022 1122 plurimorum

207 1129 325 1188 vexilla
348 1129 562 1206 trophaeorum
591 1128 710 1187 habere
728 1130 899 1188 conveniat.
949 1131 1023 1190 Non

209 1214 289 1272 enim
308 1234 382 1272 vers
404 1214 500 1271 virtus
523 1212 695 1272 excluditur
721 1215 938 1273 numerositate
958 1217 1021 1274 vir-

207 1307 313 1371 tutum,
331 1299 386 1358 sed
406 1299 515 1376 optatis
530 1298 721 1357 successibus
742 1307 868 1358 eatenus
890 1300 1020 1378 amplia·

207 1391 266 1444 tur.
311 1382 523 1442 Misericordia
542 1383 603 1441 Dei
623 1384 717 1441 nostri
747 1383 939 1442 sanctitatem
965 1406 1020 1444 ve·

208 1479 300 1530 stram
318 1488 437 1548 semper
450 1476 571 1527 tueatur
585 1464 823 1547 ineolumemffl).

240 1699 284 1763 63)
302 1708 462 1751 armarentur
479 1702 512 1750 Β.
1049 1663 1052 1860 ί

241 1766 285 1831 64)
304 1770 449 1818 decoratam
467 1769 498 1818 B.
519 1769 553 1818 ed
571 1785 690 1819 coronam
708 1770 802 1820 refert.

240 1834 284 1900 65)
300 1838 438 1900 procidere
454 1838 607 1901 pendeamus
625 1837 657 1887 Β.

241 1900 285 1968 66)
304 1919 352 2020 pao
370 1905 475 1954 urrisu.

240 1968 284 2034 67)
327 1971 434 2021 lausulo
457 1972 540 2022 haec:
568 1973 744 2022 misericordia
762 1973 812 2022 Dei
834 2007 841 2020 .
862 2010 867 2022 .
888 2009 895 2023 .
918 1975 1017 2024 incolu-

207 2055 267 2088 mem
285 2039 456 2090 desideratur
474 2039 501 2088 in
520 2038 588 2088 Cod.
599 2039 631 2089 B.
651 2044 678 2090 et
691 2041 719 2088 in
732 2040 861 2090 Baronio.
