2154 3678
503 274 712 336 ..52-

204 427 416 505 implorantem
431 425 625 502 suppliciter,
646 423 801 482 monachis
816 423 879 482 suis
899 421 1014 482 indicto

203 511 316 571 ieiunio
332 509 564 586 commendavit,
581 509 634 589 qui
649 508 791 567 continuo
806 507 867 566 Dei
884 509 1016 584 gratiam

205 604 352 677 operante
360 591 386 671 3)
401 594 562 654 mundatus
581 602 636 652 est.
668 591 805 672 Cumque
821 600 949 671 recepta
968 612 1016 650 sa-

203 682 299 740 nitate
315 680 416 740 redire
432 677 610 739 suaderetur
623 676 661 737 ad
676 674 855 757 patriam4),
880 685 1016 755 prostra-

205 768 251 825 vit
265 786 298 826 se
314 765 444 846 pedibus
460 763 559 823 sancti
573 765 640 836 viri,
654 770 761 840 petens
776 782 814 821 nc
832 761 961 821 ulterius
978 760 1018 820 ad

204 870 262 910 sua
273 850 373 909 redire
391 858 559 926 cogeretur,
575 847 701 927 cupiens
718 847 837 906 scilicet
851 855 885 905 ut
899 847 1019 924 lepram

205 955 327 1015 quoque
350 941 559 1012 peccatorum,
586 935 664 991 sicut
690 931 789 991 carnis
817 932 968 1008 effugaret
978 927 1016 1008 ⁵),

204 1023 362 1098 vitamque
383 1020 416 1077 in
438 1016 546 1076 eodem
567 1017 635 1075 loco
659 1015 720 1075 finc
739 1016 889 1075 laudabili
914 1016 1018 1075 termi-

205 1111 302 1163 naret.
336 1101 428 1161 (luius
443 1102 576 1161 animum
589 1101 766 1178 religiosum
781 1101 829 1159 vir
843 1102 904 1160 Dei
922 1100 1017 1160 vehe-

205 1195 323 1248 menter
339 1184 502 1259 admirans,
518 1187 625 1264 paucis
640 1185 796 1245 monachis
810 1193 941 1264 paterna
956 1185 1018 1244 ius·

205 1274 291 1332 sione
307 1273 476 1352 praecepit,
493 1271 696 1350 frequentatis
713 1291 780 1330 cum
798 1290 834 1329 eo
847 1271 971 1329 ieiuniis
986 1271 1020 1328 in

206 1357 340 1417 oratione
366 1357 509 1416 continua
533 1376 730 1435 permanere,
759 1362 794 1413 ut
815 1356 967 1414 Dominus
991 1356 1020 1413 ei

206 1462 285 1524 quae
301 1451 404 1501 essent
418 1449 588 1521 opportuna
604 1439 798 1500 concederet.
834 1439 946 1498 Tantis
962 1441 1019 1498 ita·

207 1547 266 1608 que
282 1525 425 1586 remediis
440 1527 663 1605 praemunitus,
684 1526 764 1584 intra
786 1524 914 1583 duorum
933 1545 1020 1584 men·

206 1614 283 1671 sium
298 1613 428 1690 spatium
443 1612 524 1670 vitae
538 1611 673 1671 mortalis
689 1619 734 1669 est
751 1608 949 1687 compedibus
967 1608 1020 1668 ab·

206 1698 334 1756 solutus.

180 1788 182 1792 ’
266 1778 405 1840 XXVII.
439 1779 558 1838 Eodem
578 1788 714 1857 tempore
734 1797 890 1838 mansores
914 1777 1022 1858 oppidi

208 1864 438 1943 Quintanensis,
456 1863 646 1923 creberrimis
662 1864 903 1923 Alamannorum
918 1863 1022 1922 incur·

208 1949 343 2010 sionibus
368 1949 428 2006 iam
437 1945 463 2024 ¹)
489 1948 618 2018 defessi,
645 1948 735 2008 sedas
760 1949 900 2028 proprias
926 1949 1022 2007 relin-

208 2043 347 2116 quentes,
362 2034 394 2092 in
409 2033 535 2093 Batavis
552 2033 695 2112 oppidum
710 2034 927 2110 migraverunt.
956 2032 1024 2092 Sed

207 2141 267 2179 non
287 2120 376 2179 latuit
393 2118 517 2178 eosdem
531 2119 676 2178 barbaros
704 2118 876 2194 confugium
896 2116 1022 2196 praedi·

210 2213 338 2280 ctorum3
365 2223 426 2282 qua
447 2223 539 2262 causa
559 2204 627 2282 plus
647 2203 824 2262 inflammati
846 2210 930 2274 sunt,
953 2221 1024 2261 cre·

210 2287 318 2347 dantes
335 2283 448 2368 quod²)
466 2286 590 2347 duorum
610 2289 741 2367 populos
759 2286 938 2366 oppidorum
961 2307 1025 2346 nno

124 2435 132 2449 ἱ
209 2374 324 2450 impetu
350 2370 580 2450 praedarentur.
623 2370 686 2432 Sed
705 2372 741 2430 B.
764 2370 929 2432 Severinus
954 2392 1024 2430 ora·

209 2457 284 2515 tioni
299 2455 406 2516 fortius
421 2455 579 2530 incubans,
595 2457 749 2516 Romanos
769 2457 919 2536 exemplis
938 2456 1025 2516 salu-

209 2541 326 2601 taribus
351 2539 560 2620 multiplioitar
585 2540 777 2617 hortabatur,
798 2541 1025 2622 praenuntians

260 2793 285 2855 3)
304 2800 427 2858 operante
446 2807 498 2843 om.
516 2794 548 2844 Β.

259 2861 286 2926 4)
304 2862 336 2911 B.
356 2861 417 2912 add.
435 2876 512 2911 sumn.

260 2928 286 2989 5)
305 2930 431 2994 effuperet
447 2930 480 2977 B.

261 2995 287 3060 l)
305 3001 354 3046 iam
372 3011 423 3047 om.
442 2995 474 3045 B.

259 3061 287 3126 2)
307 3065 374 3128 quod
392 3079 443 3114 om.
462 3064 494 3114 B.
