2154 3678
383 257 588 318 ..⁶43-

73 405 110 462 in
126 423 220 463 unum
237 401 431 483 collataml),
449 424 540 486 quam
558 406 676 464 mittere
696 404 809 466 famulo
827 406 889 466 Dei

70 487 268 562 distulerant,
284 485 470 568 hostibus¹⁰)
489 489 673 549 obtulerunt.

136 573 259 634 XVIII.
288 573 382 633 Cives
400 593 522 655 quoque
541 595 581 633 ex
598 572 711 653 oppido
725 575 887 648 Lauriaco,

71 658 186 717 crebra
208 657 357 737 quondam
373 657 405 717 S.
425 660 568 720 Severini
581 660 793 719 exhortatione
809 681 888 718 com·

68 743 197 816 moniti,
219 743 340 820 frugum
361 742 494 803 decimas
510 745 696 823 pauperibus
719 746 826 803 offerre
843 744 888 804 di·

69 828 237 886 stulerant.
272 827 391 906 Quibus
407 829 488 888 fame
505 830 690 901 constrictis,
716 830 776 886 iam
791 839 887 886 matu·
977 834 981 842 '

68 913 167 971 ritate
183 913 325 972 messium
337 913 523 972 flavescente
537 915 639 973 vicina
651 912 788 972 subsidia
804 933 887 972 mon·

68 997 259 1057 strabantur.
296 999 340 1056 At
363 997 416 1057 ubi
436 996 584 1076 rubiginis
605 994 802 1078 improvise-¹)
825 1018 888 1056 cor·

70 1084 179 1160 ruptio
207 1081 344 1159 frugibus
370 1083 509 1142 nocitura
537 1085 721 1162 comparuit,
750 1103 821 1142 mox
849 1081 888 1140 ad

72 1168 178 1245 ipsum
195 1186 367 1226 convenere
380 1168 538 1247 prostrati,
561 1189 676 1248 poenas
692 1188 765 1229 suae
783 1176 888 1227 contu·

69 1253 195 1310 maciac
226 1251 413 1311 confitentes.
446 1253 538 1312 Miles
561 1273 633 1312 vero
656 1252 771 1313 Christi
792 1253 888 1312 fessos

70 1336 181 1396 verbis
197 1335 406 1416 spiritualibus
422 1337 579 1396 allevabat
592 1337 714 1396 dicens:
735 1335 790 1412 „Si
805 1336 888 1396 deci·

69 1442 140 1480 mas
158 1420 345 1495 obtulissetis
360 1421 554 1500 pauperibus,
566 1437 632 1480 'non
649 1423 747 1480 solum
763 1429 889 1479 aeterna

68 1504 219 1566 mercede
252 1507 444 1578 frueremini,
473 1525 579 1566 verum
610 1507 701 1565 etiam
732 1504 887 1564 commode

69 1592 207 1668 possetis
225 1590 382 1650 abundare
395 1590 618 1672 praesentibus.
652 1589 714 1652 Sed
731 1590 803 1670 quia
825 1590 889 1648 cul·

70 1697 147 1754 pam
163 1675 356 1736 confessione
372 1677 496 1754 propria
511 1677 684 1754 castigatis,
709 1675 747 1734 de
763 1675 888 1733 Domini

69 1762 193 1840 pietate
219 1761 384 1838 polliceor,
414 1760 497 1840 quod
521 1760 630 1840 rubigo
652 1779 800 1840 praesens
826 1768 888 1818 tam
945 1799 948 1804 -

70 1840 214 1922 valida²)
235 1846 357 1924 penitus
373 1865 436 1904 non
449 1846 590 1922 nocebit,
607 1854 726 1906 tantum
740 1844 816 1904 fides
834 1865 887 1904 ve·

71 1939 139 1990 stra
149 1930 277 1990 ulterius
290 1951 352 1990 non
362 1931 520 1990 vacillet.“
538 1931 652 1989 Verum
665 1932 748 1990 cives
765 1928 805 1986 ad
818 1948 886 2008 per—

71 2013 241 2076 solvendas
263 2034 303 2073 ex
323 2014 379 2073 illa
395 2015 445 2075 die
462 2013 596 2074 decimas
610 2015 768 2093 promissio
776 2008 803 2088 3)
818 2012 887 2071 red·

73 2099 155 2159 didit
170 2101 381 2178 promptiores.
418 2101 524 2170 Tunc,
546 2108 580 2157 ut
594 2099 728 2169 solebat,
750 2097 887 2156 hortatus

72 2194 124 2245 est
138 2183 234 2242 indici
252 2185 413 2258 ieiunium
441 2204 501 2263 quo
519 2183 657 2260 expleto,
678 2181 818 2261 placidus
833 2182 888 2240 im·

71 2271 130 2329 ber
147 2269 328 2347 desperatae
346 2267 453 2330 messis
469 2269 637 2346 amputavit
651 2265 851 2326 incommoda.

136 2353 229 2412 XIX.
260 2350 419 2431 Batavis¹)
436 2353 610 2433 appellatur
625 2351 784 2431 oppidum,
808 2353 888 2411 inter

71 2449 206 2518 utraque
220 2438 359 2510 flumina,
384 2437 504 2500 Ocnum
511 2433 537 2515 2)
555 2437 701 2497 videlicet
717 2446 808 2518 atque
823 2437 887 2495 Da·

126 2639 154 2704 9)
174 2655 319 2705 perperam
337 2643 430 2690 cauata
451 2641 483 2691 A.

111 2706 154 2768 10)
173 2715 200 2756 ut
214 2709 389 2772 praediceret
407 2707 469 2757 add.
489 2708 520 2758 B.

129 2774 154 2839 l)
172 2777 322 2839 improvisae
340 2775 432 2839 inepte
450 2775 482 2825 B.
511 2816 513 2822 .

127 2841 154 2903 2)
173 2844 255 2893 aalide
273 2844 304 2893 B.

127 2908 154 2974 3)
174 2914 238 2960 ante
254 2912 390 2974 promissio
401 2910 432 2958 Β.
450 2909 536 2959 habet
554 2907 798 2958 demonstrativum
815 2906 887 2960 haec.

129 2977 153 3038 1)
172 2979 278 3028 Patauio
296 2978 394 3027 scribit
410 2978 444 3026 B.

126 3045 155 3110 2)
174 3045 302 3095 mendose
316 3046 410 3095 lienum
421 3045 453 3096 A.
483 3045 562 3093 Bar.:
577 3043 685 3092 Herium.
