<?xml version="1.0" encoding="UTF-8"?>
<!DOCTYPE html PUBLIC "-//W3C//DTD XHTML 1.0 Transitional//EN"
    "http://www.w3.org/TR/xhtml1/DTD/xhtml1-transitional.dtd">
<html xmlns="http://www.w3.org/1999/xhtml" xml:lang="en" lang="en">
 <head>
  <title>
</title>
<meta http-equiv="Content-Type" content="text/html;charset=utf-8" />
  <meta name='ocr-system' content='tesseract 3.04.00' />
  <meta name='ocr-capabilities' content='ocr_page ocr_carea ocr_par ocr_line ocrx_word'/>
</head>
<body>
  <div class='ocr_page' id='page_1' title='image "./vitasseverini00kersgoog_0088.png"; bbox 0 0 2154 3678; ppageno 0'>
   <div class='ocr_carea' id='block_1_1' title="bbox 359 237 568 298">
    <p class='ocr_par' dir='ltr' id='par_1_1' title="bbox 359 237 568 298">
     <span class='ocr_line' id='line_1_1' title="bbox 359 237 568 298; baseline 0 -22"><span class='ocrx_word' id='word_1_1' title='bbox 359 237 568 298; x_wconf 70' lang='grc'>,61-</span> 
     </span>
    </p>
   </div>
   <div class='ocr_carea' id='block_1_2' title="bbox 50 383 875 2161">
    <p class='ocr_par' dir='ltr' id='par_1_2' title="bbox 50 383 875 2161">
     <span class='ocr_line' id='line_1_2' title="bbox 50 383 868 464; baseline 0.001 -18"><span class='ocrx_word' id='word_1_2' title='bbox 50 385 182 460; x_wconf 88' lang='lat' dir='ltr'><strong>vastari,</strong></span> <span class='ocrx_word' id='word_1_3' title='bbox 197 385 249 444; x_wconf 88' lang='lat' dir='ltr'><strong>vel</strong></span> <span class='ocrx_word' id='word_1_4' title='bbox 271 385 375 463; x_wconf 87' lang='lat' dir='ltr'><strong>gladio</strong></span> <span class='ocrx_word' id='word_1_5' title='bbox 397 385 557 458; x_wconf 88' lang='lat' dir='ltr'><strong>trucidari,</strong></span> <span class='ocrx_word' id='word_1_6' title='bbox 582 388 686 446; x_wconf 88' lang='lat' dir='ltr'><strong>autin</strong></span> <span class='ocrx_word' id='word_1_7' title='bbox 709 387 833 447; x_wconf 87' lang='lat' dir='ltr'><strong>servitio</strong></span> <span class='ocrx_word' id='word_1_8' title='bbox 841 383 868 464; x_wconf 85' lang='grc'><strong>9)</strong></span> 
     </span>
     <span class='ocr_line' id='line_1_3' title="bbox 51 470 870 551; baseline 0 -20"><span class='ocrx_word' id='word_1_9' title='bbox 51 472 172 548; x_wconf 84' lang='lat' dir='ltr'><strong>redigi,</strong></span> <span class='ocrx_word' id='word_1_10' title='bbox 196 490 262 529; x_wconf 90' lang='lat' dir='ltr'><strong>cum</strong></span> <span class='ocrx_word' id='word_1_11' title='bbox 280 472 341 536; x_wconf 90' lang='lat' dir='ltr'><strong>sint</strong></span> <span class='ocrx_word' id='word_1_12' title='bbox 355 471 442 529; x_wconf 89' lang='lat' dir='ltr'><strong>nobis</strong></span> <span class='ocrx_word' id='word_1_13' title='bbox 458 470 561 528; x_wconf 87' lang='lat' dir='ltr'><strong>vicina</strong></span> <span class='ocrx_word' id='word_1_14' title='bbox 580 491 616 530; x_wconf 89' lang='lat' dir='ltr'><strong>ac</strong></span> <span class='ocrx_word' id='word_1_15' title='bbox 636 471 796 530; x_wconf 86' lang='lat' dir='ltr'><strong>tributaria</strong></span> <span class='ocrx_word' id='word_1_16' title='bbox 817 493 870 551; x_wconf 90' lang='lat' dir='ltr'><strong>op·</strong></span> 
     </span>
     <span class='ocr_line' id='line_1_4' title="bbox 52 550 869 635; baseline 0 -19"><span class='ocrx_word' id='word_1_17' title='bbox 52 550 197 635; x_wconf 63' lang='lat' dir='ltr'><strong>pidem),</strong></span> <span class='ocrx_word' id='word_1_18' title='bbox 213 555 369 634; x_wconf 87' lang='lat' dir='ltr'><strong>inquibus</strong></span> <span class='ocrx_word' id='word_1_19' title='bbox 386 555 519 615; x_wconf 90' lang='lat' dir='ltr'><strong>debeant</strong></span> <span class='ocrx_word' id='word_1_20' title='bbox 534 555 698 616; x_wconf 85' lang='lat' dir='ltr'><strong>ordinari.“</strong></span> <span class='ocrx_word' id='word_1_21' title='bbox 732 556 789 616; x_wconf 82' lang='lat' dir='ltr'><strong>Oui</strong></span> <span class='ocrx_word' id='word_1_22' title='bbox 807 575 869 616; x_wconf 87' lang='lat' dir='ltr'><strong>ser·</strong></span> 
     </span>
     <span class='ocr_line' id='line_1_5' title="bbox 52 639 871 720; baseline -0.002 -20"><span class='ocrx_word' id='word_1_23' title='bbox 52 661 113 700; x_wconf 89' lang='lat' dir='ltr'><strong>vus</strong></span> <span class='ocrx_word' id='word_1_24' title='bbox 127 639 242 700; x_wconf 79' lang='lat' dir='ltr'>Christi</span> <span class='ocrx_word' id='word_1_25' title='bbox 254 649 428 700; x_wconf 83' lang='lat' dir='ltr'><strong>constanter</strong></span> <span class='ocrx_word' id='word_1_26' title='bbox 442 640 486 698; x_wconf 89' lang='lat' dir='ltr'><strong>ita</strong></span> <span class='ocrx_word' id='word_1_27' title='bbox 499 640 670 718; x_wconf 81' lang='lat' dir='ltr'><strong>respondit:</strong></span> <span class='ocrx_word' id='word_1_28' title='bbox 694 639 871 720; x_wconf 83' lang='lat' dir='ltr'>„Numquid</span> 
     </span>
     <span class='ocr_line' id='line_1_6' title="bbox 54 720 869 803; baseline -0.001 -19"><span class='ocrx_word' id='word_1_29' title='bbox 54 746 132 785; x_wconf 87' lang='lat' dir='ltr'><strong>arcu</strong></span> <span class='ocrx_word' id='word_1_30' title='bbox 153 733 206 783; x_wconf 90' lang='lat' dir='ltr'><strong>tuo</strong></span> <span class='ocrx_word' id='word_1_31' title='bbox 228 720 327 801; x_wconf 72' lang='lat' dir='ltr'><strong>velll)</strong></span> <span class='ocrx_word' id='word_1_32' title='bbox 350 724 452 802; x_wconf 87' lang='lat' dir='ltr'><strong>gladio</strong></span> <span class='ocrx_word' id='word_1_33' title='bbox 471 725 609 785; x_wconf 91' lang='lat' dir='ltr'><strong>homines</strong></span> <span class='ocrx_word' id='word_1_34' title='bbox 629 726 680 785; x_wconf 88' lang='lat' dir='ltr'><strong>isti</strong></span> <span class='ocrx_word' id='word_1_35' title='bbox 703 745 721 784; x_wconf 89' lang='lat' dir='ltr'><strong>a</strong></span> <span class='ocrx_word' id='word_1_36' title='bbox 742 725 869 803; x_wconf 89' lang='lat' dir='ltr'><strong>praedo·</strong></span> 
     </span>
     <span class='ocr_line' id='line_1_7' title="bbox 54 809 871 889; baseline -0.001 -19"><span class='ocrx_word' id='word_1_37' title='bbox 54 831 130 870; x_wconf 92' lang='lat' dir='ltr'><strong>num</strong></span> <span class='ocrx_word' id='word_1_38' title='bbox 144 811 318 869; x_wconf 89' lang='lat' dir='ltr'><strong>vastatione</strong></span> <span class='ocrx_word' id='word_1_39' title='bbox 335 809 517 868; x_wconf 91' lang='lat' dir='ltr'><strong>creberrima</strong></span> <span class='ocrx_word' id='word_1_40' title='bbox 533 819 603 868; x_wconf 88' lang='lat' dir='ltr'><strong>sunt</strong></span> <span class='ocrx_word' id='word_1_41' title='bbox 623 810 735 889; x_wconf 81' lang='lat' dir='ltr'><strong>erepti,</strong></span> <span class='ocrx_word' id='word_1_42' title='bbox 760 817 791 869; x_wconf 92' lang='lat' dir='ltr'><strong>et</strong></span> <span class='ocrx_word' id='word_1_43' title='bbox 810 829 871 869; x_wconf 91' lang='lat' dir='ltr'><strong>non</strong></span> 
     </span>
     <span class='ocr_line' id='line_1_8' title="bbox 55 893 871 974; baseline -0.004 -19"><span class='ocrx_word' id='word_1_44' title='bbox 55 897 160 974; x_wconf 86' lang='lat' dir='ltr'><strong>potius</strong></span> <span class='ocrx_word' id='word_1_45' title='bbox 178 894 240 952; x_wconf 91' lang='lat' dir='ltr'><strong>Dei</strong></span> <span class='ocrx_word' id='word_1_46' title='bbox 261 913 401 966; x_wconf 87' lang='lat' dir='ltr'><strong>munere,</strong></span> <span class='ocrx_word' id='word_1_47' title='bbox 423 901 458 953; x_wconf 88' lang='lat' dir='ltr'><strong>ut</strong></span> <span class='ocrx_word' id='word_1_48' title='bbox 477 894 533 952; x_wconf 92' lang='lat' dir='ltr'><strong>tibi</strong></span> <span class='ocrx_word' id='word_1_49' title='bbox 554 895 723 974; x_wconf 85' lang='lat' dir='ltr'><strong>paullisper</strong></span> <span class='ocrx_word' id='word_1_50' title='bbox 744 893 871 974; x_wconf 90' lang='lat' dir='ltr'><strong>obsequi</strong></span> 
     </span>
     <span class='ocr_line' id='line_1_9' title="bbox 57 977 871 1058; baseline -0.001 -19"><span class='ocrx_word' id='word_1_51' title='bbox 57 981 202 1050; x_wconf 88' lang='lat' dir='ltr'><strong>valeant,</strong></span> <span class='ocrx_word' id='word_1_52' title='bbox 231 977 406 1038; x_wconf 80' lang='lat' dir='ltr'><strong>reservati?</strong></span> <span class='ocrx_word' id='word_1_53' title='bbox 442 978 533 1037; x_wconf 87' lang='lat' dir='ltr'><strong>Nunc</strong></span> <span class='ocrx_word' id='word_1_54' title='bbox 557 998 645 1058; x_wconf 89' lang='lat' dir='ltr'><strong>ergo,</strong></span> <span class='ocrx_word' id='word_1_55' title='bbox 672 1000 729 1039; x_wconf 87' lang='lat' dir='ltr'><strong>rex</strong></span> <span class='ocrx_word' id='word_1_56' title='bbox 748 981 871 1058; x_wconf 89' lang='lat' dir='ltr'><strong>optime,</strong></span> 
     </span>
     <span class='ocr_line' id='line_1_10' title="bbox 57 1064 871 1143; baseline -0.005 -18"><span class='ocrx_word' id='word_1_57' title='bbox 57 1064 221 1125; x_wconf 85' lang='lat' dir='ltr'><strong>consilium</strong></span> <span class='ocrx_word' id='word_1_58' title='bbox 244 1083 343 1122; x_wconf 90' lang='lat' dir='ltr'><strong>meum</strong></span> <span class='ocrx_word' id='word_1_59' title='bbox 369 1083 408 1122; x_wconf 92' lang='lat' dir='ltr'><strong>ne</strong></span> <span class='ocrx_word' id='word_1_60' title='bbox 429 1084 571 1143; x_wconf 77' lang='lat' dir='ltr'><strong>respuas,</strong></span> <span class='ocrx_word' id='word_1_61' title='bbox 598 1064 671 1124; x_wconf 88' lang='lat' dir='ltr'><strong>fidei</strong></span> <span class='ocrx_word' id='word_1_62' title='bbox 699 1079 786 1124; x_wconf 85' lang='lat' dir='ltr'><strong>meae</strong></span> <span class='ocrx_word' id='word_1_63' title='bbox 815 1064 871 1122; x_wconf 88' lang='lat' dir='ltr'><strong>hos</strong></span> 
     </span>
     <span class='ocr_line' id='line_1_11' title="bbox 58 1148 871 1231; baseline -0.005 -22"><span class='ocrx_word' id='word_1_64' title='bbox 58 1149 214 1209; x_wconf 85' lang='lat' dir='ltr'><strong>committe</strong></span> <span class='ocrx_word' id='word_1_65' title='bbox 229 1148 397 1231; x_wconf 75' lang='lat' dir='ltr'><strong>subiect0S,</strong></span> <span class='ocrx_word' id='word_1_66' title='bbox 417 1168 457 1207; x_wconf 91' lang='lat' dir='ltr'><strong>na</strong></span> <span class='ocrx_word' id='word_1_67' title='bbox 473 1150 552 1207; x_wconf 90' lang='lat' dir='ltr'><strong>tanti</strong></span> <span class='ocrx_word' id='word_1_68' title='bbox 567 1151 720 1208; x_wconf 86' lang='lat' dir='ltr'><strong>exercitus</strong></span> <span class='ocrx_word' id='word_1_69' title='bbox 738 1148 871 1226; x_wconf 91' lang='lat' dir='ltr'><strong>compul-</strong></span> 
     </span>
     <span class='ocr_line' id='line_1_12' title="bbox 58 1233 871 1314; baseline -0.005 -20"><span class='ocrx_word' id='word_1_70' title='bbox 58 1236 146 1294; x_wconf 85' lang='lat' dir='ltr'><strong>sione</strong></span> <span class='ocrx_word' id='word_1_71' title='bbox 167 1241 327 1292; x_wconf 86' lang='lat' dir='ltr'><strong>vastentur</strong></span> <span class='ocrx_word' id='word_1_72' title='bbox 347 1234 448 1310; x_wconf 90' lang='lat' dir='ltr'><strong>potius</strong></span> <span class='ocrx_word' id='word_1_73' title='bbox 473 1253 564 1314; x_wconf 87' lang='lat' dir='ltr'><strong>quam</strong></span> <span class='ocrx_word' id='word_1_74' title='bbox 586 1235 761 1311; x_wconf 84' lang='lat' dir='ltr'><strong>migrentur.</strong></span> <span class='ocrx_word' id='word_1_75' title='bbox 793 1233 871 1292; x_wconf 84' lang='lat' dir='ltr'><strong>Ocn-</strong></span> 
     </span>
     <span class='ocr_line' id='line_1_13' title="bbox 58 1318 873 1398; baseline -0.005 -19"><span class='ocrx_word' id='word_1_76' title='bbox 58 1319 121 1379; x_wconf 90' lang='lat' dir='ltr'><strong>fido</strong></span> <span class='ocrx_word' id='word_1_77' title='bbox 144 1319 280 1377; x_wconf 91' lang='lat' dir='ltr'><strong>enimin</strong></span> <span class='ocrx_word' id='word_1_78' title='bbox 303 1318 433 1376; x_wconf 91' lang='lat' dir='ltr'><strong>Domino</strong></span> <span class='ocrx_word' id='word_1_79' title='bbox 453 1339 536 1390; x_wconf 92' lang='lat' dir='ltr'><strong>meo,</strong></span> <span class='ocrx_word' id='word_1_80' title='bbox 564 1318 643 1398; x_wconf 91' lang='lat' dir='ltr'><strong>quod</strong></span> <span class='ocrx_word' id='word_1_81' title='bbox 667 1319 732 1397; x_wconf 89' lang='lat' dir='ltr'><strong>ipse</strong></span> <span class='ocrx_word' id='word_1_82' title='bbox 752 1319 804 1397; x_wconf 91' lang='lat' dir='ltr'><strong>qui</strong></span> <span class='ocrx_word' id='word_1_83' title='bbox 824 1335 873 1375; x_wconf 92' lang='lat' dir='ltr'><strong>me</strong></span> 
     </span>
     <span class='ocr_line' id='line_1_14' title="bbox 59 1399 871 1482; baseline -0.006 -19"><span class='ocrx_word' id='word_1_84' title='bbox 59 1404 136 1463; x_wconf 81' lang='lat' dir='ltr'><strong>fecit</strong></span> <span class='ocrx_word' id='word_1_85' title='bbox 151 1404 258 1461; x_wconf 91' lang='lat' dir='ltr'><strong>horum</strong></span> <span class='ocrx_word' id='word_1_86' title='bbox 275 1401 497 1461; x_wconf 82' lang='lat' dir='ltr'><strong>calamitatibus</strong></span> <span class='ocrx_word' id='word_1_87' title='bbox 519 1404 683 1475; x_wconf 86' lang='lat' dir='ltr'><strong>interesse,</strong></span> <span class='ocrx_word' id='word_1_88' title='bbox 708 1403 739 1460; x_wconf 90' lang='lat' dir='ltr'><strong>in</strong></span> <span class='ocrx_word' id='word_1_89' title='bbox 760 1399 871 1482; x_wconf 86' lang='lat' dir='ltr'><strong>perdu-</strong></span> 
     </span>
     <span class='ocr_line' id='line_1_15' title="bbox 61 1482 873 1566; baseline -0.002 -19"><span class='ocrx_word' id='word_1_90' title='bbox 61 1487 170 1549; x_wconf 88' lang='lat' dir='ltr'><strong>cendis</strong></span> <span class='ocrx_word' id='word_1_91' title='bbox 178 1482 217 1564; x_wconf 85' lang='lat'><strong>¹²)</strong></span> <span class='ocrx_word' id='word_1_92' title='bbox 228 1488 271 1545; x_wconf 91' lang='lat' dir='ltr'><strong>eis</strong></span> <span class='ocrx_word' id='word_1_93' title='bbox 289 1486 432 1546; x_wconf 90' lang='lat' dir='ltr'><strong>idoneum</strong></span> <span class='ocrx_word' id='word_1_94' title='bbox 447 1488 541 1546; x_wconf 88' lang='lat' dir='ltr'><strong>faciet</strong></span> <span class='ocrx_word' id='word_1_95' title='bbox 553 1487 798 1566; x_wconf 88' lang='lat' dir='ltr'><strong>promissorum.“</strong></span> <span class='ocrx_word' id='word_1_96' title='bbox 815 1485 873 1545; x_wconf 92' lang='lat' dir='ltr'><strong>His</strong></span> 
     </span>
     <span class='ocr_line' id='line_1_16' title="bbox 61 1565 873 1649; baseline -0.006 -16"><span class='ocrx_word' id='word_1_97' title='bbox 61 1572 174 1633; x_wconf 91' lang='lat' dir='ltr'><strong>auditis</strong></span> <span class='ocrx_word' id='word_1_98' title='bbox 186 1591 242 1630; x_wconf 87' lang='lat' dir='ltr'><strong>rex</strong></span> <span class='ocrx_word' id='word_1_99' title='bbox 254 1570 398 1630; x_wconf 90' lang='lat' dir='ltr'><strong>modestis</strong></span> <span class='ocrx_word' id='word_1_100' title='bbox 406 1565 446 1648; x_wconf 83' lang='lat'><strong>¹³)</strong></span> <span class='ocrx_word' id='word_1_101' title='bbox 460 1571 694 1649; x_wconf 82' lang='lat' dir='ltr'><strong>allegationibus</strong></span> <span class='ocrx_word' id='word_1_102' title='bbox 708 1572 873 1649; x_wconf 87' lang='lat' dir='ltr'><strong>mitigatus,</strong></span> 
     </span>
     <span class='ocr_line' id='line_1_17' title="bbox 62 1651 874 1736; baseline -0.005 -19"><span class='ocrx_word' id='word_1_103' title='bbox 62 1679 131 1717; x_wconf 91' lang='lat' dir='ltr'><strong>cum</strong></span> <span class='ocrx_word' id='word_1_104' title='bbox 148 1677 202 1716; x_wconf 92' lang='lat' dir='ltr'><strong>suo</strong></span> <span class='ocrx_word' id='word_1_105' title='bbox 218 1651 404 1736; x_wconf 83' lang='lat' dir='ltr'><strong>protinus¹⁴)</strong></span> <span class='ocrx_word' id='word_1_106' title='bbox 425 1658 575 1716; x_wconf 89' lang='lat' dir='ltr'><strong>remeavit</strong></span> <span class='ocrx_word' id='word_1_107' title='bbox 596 1657 743 1716; x_wconf 85' lang='lat' dir='ltr'><strong>exercitu.</strong></span> <span class='ocrx_word' id='word_1_108' title='bbox 775 1656 874 1734; x_wconf 82' lang='lat' dir='ltr'><strong>Igitur</strong></span> 
     </span>
     <span class='ocr_line' id='line_1_18' title="bbox 60 1739 875 1821; baseline -0.006 -18"><span class='ocrx_word' id='word_1_109' title='bbox 60 1742 208 1813; x_wconf 88' lang='lat' dir='ltr'><strong>Romani,</strong></span> <span class='ocrx_word' id='word_1_110' title='bbox 234 1761 309 1821; x_wconf 88' lang='lat' dir='ltr'><strong>quos</strong></span> <span class='ocrx_word' id='word_1_111' title='bbox 331 1742 363 1800; x_wconf 92' lang='lat' dir='ltr'><strong>in</strong></span> <span class='ocrx_word' id='word_1_112' title='bbox 386 1761 441 1800; x_wconf 86' lang='lat' dir='ltr'><strong>sua</strong></span> <span class='ocrx_word' id='word_1_113' title='bbox 457 1742 489 1802; x_wconf 89' lang='lat' dir='ltr'><strong>S.</strong></span> <span class='ocrx_word' id='word_1_114' title='bbox 505 1739 670 1801; x_wconf 85' lang='lat' dir='ltr'><strong>Severinus</strong></span> <span class='ocrx_word' id='word_1_115' title='bbox 687 1740 748 1800; x_wconf 90' lang='lat' dir='ltr'><strong>fida</strong></span> <span class='ocrx_word' id='word_1_116' title='bbox 770 1759 875 1800; x_wconf 89' lang='lat' dir='ltr'><strong>susce-</strong></span> 
     </span>
     <span class='ocr_line' id='line_1_19' title="bbox 60 1824 874 1908; baseline -0.005 -21"><span class='ocrx_word' id='word_1_117' title='bbox 60 1835 167 1908; x_wconf 87' lang='lat' dir='ltr'><strong>perat,</strong></span> <span class='ocrx_word' id='word_1_118' title='bbox 190 1824 383 1885; x_wconf 86' lang='lat' dir='ltr'><strong>discedentes</strong></span> <span class='ocrx_word' id='word_1_119' title='bbox 399 1825 441 1885; x_wconf 78' lang='lat' dir='ltr'><strong>de&#39;</strong></span> <span class='ocrx_word' id='word_1_120' title='bbox 452 1825 603 1886; x_wconf 90' lang='lat' dir='ltr'><strong>Lauriaco</strong></span> <span class='ocrx_word' id='word_1_121' title='bbox 622 1827 756 1905; x_wconf 88' lang='lat' dir='ltr'><strong>pacificis</strong></span> <span class='ocrx_word' id='word_1_122' title='bbox 774 1825 874 1903; x_wconf 90' lang='lat' dir='ltr'><strong>dispo-</strong></span> 
     </span>
     <span class='ocr_line' id='line_1_20' title="bbox 62 1906 874 1991; baseline -0.01 -17"><span class='ocrx_word' id='word_1_123' title='bbox 62 1910 227 1974; x_wconf 88' lang='lat' dir='ltr'><strong>sitionibus</strong></span> <span class='ocrx_word' id='word_1_124' title='bbox 242 1911 273 1968; x_wconf 91' lang='lat' dir='ltr'><strong>in</strong></span> <span class='ocrx_word' id='word_1_125' title='bbox 293 1911 413 1991; x_wconf 86' lang='lat' dir='ltr'><strong>oppidis</strong></span> <span class='ocrx_word' id='word_1_126' title='bbox 432 1911 562 1970; x_wconf 89' lang='lat' dir='ltr'><strong>ordinati</strong></span> <span class='ocrx_word' id='word_1_127' title='bbox 570 1906 620 1987; x_wconf 82' lang='lat'><strong>¹⁵),</strong></span> <span class='ocrx_word' id='word_1_128' title='bbox 637 1910 789 1970; x_wconf 86' lang='lat' dir='ltr'><strong>benevola</strong></span> <span class='ocrx_word' id='word_1_129' title='bbox 807 1929 874 1968; x_wconf 92' lang='lat' dir='ltr'><strong>cum</strong></span> 
     </span>
     <span class='ocr_line' id='line_1_21' title="bbox 61 1992 875 2075; baseline -0.007 -17"><span class='ocrx_word' id='word_1_130' title='bbox 61 1997 162 2074; x_wconf 80' lang='lat' dir='ltr'><strong>Rugis</strong></span> <span class='ocrx_word' id='word_1_131' title='bbox 184 1995 329 2056; x_wconf 89' lang='lat' dir='ltr'><strong>societate</strong></span> <span class='ocrx_word' id='word_1_132' title='bbox 352 1997 506 2054; x_wconf 85' lang='lat' dir='ltr'><strong>vixerunt.</strong></span> <span class='ocrx_word' id='word_1_133' title='bbox 539 1997 611 2075; x_wconf 91' lang='lat' dir='ltr'><strong>Ipse</strong></span> <span class='ocrx_word' id='word_1_134' title='bbox 633 2015 707 2054; x_wconf 90' lang='lat' dir='ltr'><strong>vero</strong></span> <span class='ocrx_word' id='word_1_135' title='bbox 728 1992 875 2053; x_wconf 84' lang='lat' dir='ltr'><strong>Fabianis</strong></span> 
     </span>
     <span class='ocr_line' id='line_1_22' title="bbox 63 2078 874 2161; baseline -0.006 -19"><span class='ocrx_word' id='word_1_136' title='bbox 63 2083 181 2160; x_wconf 87' lang='lat' dir='ltr'><strong>degens</strong></span> <span class='ocrx_word' id='word_1_137' title='bbox 198 2080 229 2137; x_wconf 89' lang='lat' dir='ltr'><strong>in</strong></span> <span class='ocrx_word' id='word_1_138' title='bbox 246 2082 369 2161; x_wconf 88' lang='lat' dir='ltr'><strong>antiquo</strong></span> <span class='ocrx_word' id='word_1_139' title='bbox 391 2100 445 2138; x_wconf 90' lang='lat' dir='ltr'><strong>suo</strong></span> <span class='ocrx_word' id='word_1_140' title='bbox 466 2081 666 2152; x_wconf 88' lang='lat' dir='ltr'><strong>monastario,</strong></span> <span class='ocrx_word' id='word_1_141' title='bbox 692 2099 750 2138; x_wconf 91' lang='lat' dir='ltr'><strong>nac</strong></span> <span class='ocrx_word' id='word_1_142' title='bbox 772 2078 874 2138; x_wconf 87' lang='lat' dir='ltr'><strong>admo·</strong></span> 
     </span>
    </p>
   </div>
   <div class='ocr_carea' id='block_1_3' title="bbox 67 2282 878 3092">
    <p class='ocr_par' dir='ltr' id='par_1_3' title="bbox 115 2282 338 2346">
     <span class='ocr_line' id='line_1_23' title="bbox 115 2282 338 2346; baseline -0.013 -13"><span class='ocrx_word' id='word_1_143' title='bbox 115 2283 143 2346; x_wconf 85' lang='grc'><strong>9)</strong></span> <span class='ocrx_word' id='word_1_144' title='bbox 162 2283 290 2333; x_wconf 79' lang='lat' dir='ltr'><strong>seruitium</strong></span> <span class='ocrx_word' id='word_1_145' title='bbox 307 2282 338 2331; x_wconf 93' lang='lat' dir='ltr'><strong>B.</strong></span> 
     </span>
    </p>

    <p class='ocr_par' dir='ltr' id='par_1_4' title="bbox 99 2348 875 2478">
     <span class='ocr_line' id='line_1_24' title="bbox 99 2348 875 2478; baseline -0.003 -78"><span class='ocrx_word' id='word_1_146' title='bbox 99 2350 144 2478; x_wconf 71' lang='grc'><strong>10)</strong></span> <span class='ocrx_word' id='word_1_147' title='bbox 163 2353 277 2467; x_wconf 45' lang='lat' dir='ltr'><strong>confidat</strong></span> <span class='ocrx_word' id='word_1_148' title='bbox 289 2350 360 2402; x_wconf 80' lang='lat' dir='ltr'><strong>nobis</strong></span> <span class='ocrx_word' id='word_1_149' title='bbox 372 2350 470 2414; x_wconf 83' lang='lat' dir='ltr'><strong>oppida</strong></span> <span class='ocrx_word' id='word_1_150' title='bbox 481 2354 506 2399; x_wconf 80' lang='lat' dir='ltr'><strong>et</strong></span> <span class='ocrx_word' id='word_1_151' title='bbox 518 2351 632 2412; x_wconf 81' lang='lat' dir='ltr'><strong>castella,</strong></span> <span class='ocrx_word' id='word_1_152' title='bbox 643 2351 669 2399; x_wconf 80' lang='lat' dir='ltr'><strong>in</strong></span> <span class='ocrx_word' id='word_1_153' title='bbox 679 2348 767 2415; x_wconf 73' lang='lat' dir='ltr'><strong>quibus</strong></span> <span class='ocrx_word' id='word_1_154' title='bbox 778 2352 830 2399; x_wconf 88' lang='lat' dir='ltr'><strong>eto.</strong></span> <span class='ocrx_word' id='word_1_155' title='bbox 843 2349 875 2398; x_wconf 91' lang='grc' dir='ltr'><strong>Β.</strong></span> 
     </span>
    </p>

    <p class='ocr_par' dir='ltr' id='par_1_5' title="bbox 99 2419 237 2469">
     <span class='ocr_line' id='line_1_25' title="bbox 99 2419 237 2469; baseline -0.022 0"><span class='ocrx_word' id='word_1_156' title='bbox 99 2419 130 2469; x_wconf 92' lang='grc'><strong>11</strong></span> <span class='ocrx_word' id='word_1_157' title='bbox 162 2423 188 2468; x_wconf 85' lang='lat' dir='ltr'><strong>et</strong></span> <span class='ocrx_word' id='word_1_158' title='bbox 231 2453 237 2466; x_wconf 94' lang='lat'>.</span> 
     </span>
    </p>

    <p class='ocr_par' dir='ltr' id='par_1_6' title="bbox 100 2484 329 2551">
     <span class='ocr_line' id='line_1_26' title="bbox 100 2484 329 2551; baseline -0.013 -15"><span class='ocrx_word' id='word_1_159' title='bbox 100 2486 145 2551; x_wconf 84' lang='lat'><strong>12)</strong></span> <span class='ocrx_word' id='word_1_160' title='bbox 164 2486 285 2536; x_wconf 81' lang='lat' dir='ltr'><strong>ducendis</strong></span> <span class='ocrx_word' id='word_1_161' title='bbox 298 2484 329 2534; x_wconf 93' lang='lat' dir='ltr'><strong>B.</strong></span> 
     </span>
    </p>

    <p class='ocr_par' dir='ltr' id='par_1_7' title="bbox 67 2551 878 2944">
     <span class='ocr_line' id='line_1_27' title="bbox 103 2551 877 2619; baseline -0.001 -17"><span class='ocrx_word' id='word_1_162' title='bbox 103 2553 144 2617; x_wconf 84' lang='lat'><strong>13)</strong></span> <span class='ocrx_word' id='word_1_163' title='bbox 165 2553 195 2603; x_wconf 86' lang='lat' dir='ltr'><strong>in</strong></span> <span class='ocrx_word' id='word_1_164' title='bbox 213 2552 278 2603; x_wconf 85' lang='lat' dir='ltr'><strong>Cod.</strong></span> <span class='ocrx_word' id='word_1_165' title='bbox 292 2552 324 2602; x_wconf 84' lang='lat' dir='ltr'><strong>A.</strong></span> <span class='ocrx_word' id='word_1_166' title='bbox 342 2553 430 2619; x_wconf 83' lang='lat' dir='ltr'><strong>prima</strong></span> <span class='ocrx_word' id='word_1_167' title='bbox 447 2552 585 2617; x_wconf 85' lang='lat' dir='ltr'><strong>scriptura</strong></span> <span class='ocrx_word' id='word_1_168' title='bbox 602 2554 721 2603; x_wconf 77' lang='lat' dir='ltr'><strong>modestis</strong></span> <span class='ocrx_word' id='word_1_169' title='bbox 739 2565 827 2611; x_wconf 84' lang='lat' dir='ltr'><strong>erasa,</strong></span> <span class='ocrx_word' id='word_1_170' title='bbox 847 2551 877 2601; x_wconf 86' lang='lat' dir='ltr'><strong>in</strong></span> 
     </span>
     <span class='ocr_line' id='line_1_28' title="bbox 67 2620 877 2686; baseline -0.005 -14"><span class='ocrx_word' id='word_1_171' title='bbox 67 2623 182 2686; x_wconf 88' lang='lat' dir='ltr'><strong>eiusque</strong></span> <span class='ocrx_word' id='word_1_172' title='bbox 200 2620 290 2670; x_wconf 89' lang='lat' dir='ltr'><strong>locum</strong></span> <span class='ocrx_word' id='word_1_173' title='bbox 306 2622 416 2671; x_wconf 81' lang='lat' dir='ltr'><strong>molestia</strong></span> <span class='ocrx_word' id='word_1_174' title='bbox 433 2620 582 2670; x_wconf 82' lang='lat' dir='ltr'><strong>substituta</strong></span> <span class='ocrx_word' id='word_1_175' title='bbox 606 2624 660 2680; x_wconf 87' lang='lat' dir='ltr'><strong>est;</strong></span> <span class='ocrx_word' id='word_1_176' title='bbox 687 2623 877 2670; x_wconf 85' lang='lat' dir='ltr'><strong>verumtamen</strong></span> 
     </span>
     <span class='ocr_line' id='line_1_29' title="bbox 67 2686 878 2754; baseline -0.006 -14"><span class='ocrx_word' id='word_1_177' title='bbox 67 2691 198 2740; x_wconf 87' lang='lat' dir='ltr'><strong>adoram</strong></span> <span class='ocrx_word' id='word_1_178' title='bbox 216 2687 309 2754; x_wconf 83' lang='lat' dir='ltr'><strong>glossa</strong></span> <span class='ocrx_word' id='word_1_179' title='bbox 332 2688 443 2738; x_wconf 85' lang='lat' dir='ltr'><strong>adiecta</strong></span> <span class='ocrx_word' id='word_1_180' title='bbox 466 2686 501 2738; x_wconf 88' lang='lat' dir='ltr'><strong>ad</strong></span> <span class='ocrx_word' id='word_1_181' title='bbox 528 2687 746 2737; x_wconf 82' lang='lat' dir='ltr'><strong>emendationem</strong></span> <span class='ocrx_word' id='word_1_182' title='bbox 768 2687 878 2736; x_wconf 79' lang='lat' dir='ltr'><strong>molestia</strong></span> 
     </span>
     <span class='ocr_line' id='line_1_30' title="bbox 67 2753 877 2823; baseline -0.007 -15"><span class='ocrx_word' id='word_1_183' title='bbox 67 2762 209 2823; x_wconf 87' lang='lat' dir='ltr'><strong>spectans,</strong></span> <span class='ocrx_word' id='word_1_184' title='bbox 227 2771 282 2805; x_wconf 85' lang='lat' dir='ltr'><strong>una</strong></span> <span class='ocrx_word' id='word_1_185' title='bbox 301 2770 363 2805; x_wconf 91' lang='lat' dir='ltr'><strong>cum</strong></span> <span class='ocrx_word' id='word_1_186' title='bbox 380 2760 446 2804; x_wconf 90' lang='lat' dir='ltr'><strong>nota</strong></span> <span class='ocrx_word' id='word_1_187' title='bbox 465 2758 548 2816; x_wconf 80' lang='lat' dir='ltr'><strong>„alias</strong></span> <span class='ocrx_word' id='word_1_188' title='bbox 566 2754 675 2806; x_wconf 79' lang='lat' dir='ltr'><strong>destis“.</strong></span> <span class='ocrx_word' id='word_1_189' title='bbox 711 2754 784 2804; x_wconf 91' lang='lat' dir='ltr'><strong>Hinc</strong></span> <span class='ocrx_word' id='word_1_190' title='bbox 802 2753 877 2818; x_wconf 86' lang='lat' dir='ltr'><strong>eqni·</strong></span> 
     </span>
     <span class='ocr_line' id='line_1_31' title="bbox 67 2821 878 2890; baseline -0.007 -14"><span class='ocrx_word' id='word_1_191' title='bbox 67 2827 131 2876; x_wconf 90' lang='lat' dir='ltr'><strong>dem</strong></span> <span class='ocrx_word' id='word_1_192' title='bbox 150 2823 299 2890; x_wconf 80' lang='lat' dir='ltr'><strong>genuinam</strong></span> <span class='ocrx_word' id='word_1_193' title='bbox 316 2838 426 2874; x_wconf 81' lang='lat' dir='ltr'><strong>menum</strong></span> <span class='ocrx_word' id='word_1_194' title='bbox 442 2825 562 2874; x_wconf 76' lang='lat' dir='ltr'><strong>modestia</strong></span> <span class='ocrx_word' id='word_1_195' title='bbox 579 2821 696 2884; x_wconf 85' lang='lat' dir='ltr'><strong>restitui,</strong></span> <span class='ocrx_word' id='word_1_196' title='bbox 714 2821 878 2888; x_wconf 85' lang='lat' dir='ltr'><strong>praesertim</strong></span> 
     </span>
     <span class='ocr_line' id='line_1_32' title="bbox 69 2891 621 2944; baseline -0.011 0"><span class='ocrx_word' id='word_1_197' title='bbox 69 2909 133 2944; x_wconf 89' lang='lat' dir='ltr'><strong>oum</strong></span> <span class='ocrx_word' id='word_1_198' title='bbox 151 2896 179 2942; x_wconf 90' lang='lat' dir='ltr'><strong>et</strong></span> <span class='ocrx_word' id='word_1_199' title='bbox 196 2891 228 2941; x_wconf 92' lang='grc' dir='ltr'><strong>Β.</strong></span> <span class='ocrx_word' id='word_1_200' title='bbox 246 2891 319 2942; x_wconf 85' lang='lat' dir='ltr'><strong>hanc</strong></span> <span class='ocrx_word' id='word_1_201' title='bbox 336 2891 485 2942; x_wconf 86' lang='lat' dir='ltr'><strong>lectionem</strong></span> <span class='ocrx_word' id='word_1_202' title='bbox 502 2894 621 2942; x_wconf 85' lang='lat' dir='ltr'><strong>tueatur.</strong></span> 
     </span>
    </p>

    <p class='ocr_par' dir='ltr' id='par_1_8' title="bbox 104 2958 403 3024">
     <span class='ocr_line' id='line_1_33' title="bbox 104 2958 403 3024; baseline -0.007 -14"><span class='ocrx_word' id='word_1_203' title='bbox 104 2958 148 3024; x_wconf 80' lang='grc'><strong>14)</strong></span> <span class='ocrx_word' id='word_1_204' title='bbox 166 2963 282 3023; x_wconf 75' lang='lat' dir='ltr'><strong>protinus</strong></span> <span class='ocrx_word' id='word_1_205' title='bbox 300 2974 352 3009; x_wconf 90' lang='lat' dir='ltr'><strong>om.</strong></span> <span class='ocrx_word' id='word_1_206' title='bbox 370 2960 403 3008; x_wconf 91' lang='lat' dir='ltr'><strong>B.</strong></span> 
     </span>
    </p>

    <p class='ocr_par' dir='ltr' id='par_1_9' title="bbox 108 3025 632 3092">
     <span class='ocr_line' id='line_1_34' title="bbox 108 3025 632 3092; baseline 0 -16"><span class='ocrx_word' id='word_1_207' title='bbox 108 3027 193 3090; x_wconf 75' lang='lat' dir='ltr'><strong>15)-.t&#39;a</strong></span> <span class='ocrx_word' id='word_1_208' title='bbox 210 3028 313 3092; x_wconf 80' lang='lat' dir='ltr'><strong>oppidis</strong></span> <span class='ocrx_word' id='word_1_209' title='bbox 329 3028 443 3077; x_wconf 78' lang='lat' dir='ltr'><strong>ordinati</strong></span> <span class='ocrx_word' id='word_1_210' title='bbox 460 3026 537 3077; x_wconf 87' lang='lat' dir='ltr'><strong>deest</strong></span> <span class='ocrx_word' id='word_1_211' title='bbox 554 3025 584 3076; x_wconf 90' lang='lat' dir='ltr'><strong>in</strong></span> <span class='ocrx_word' id='word_1_212' title='bbox 600 3025 632 3076; x_wconf 92' lang='lat' dir='ltr'><strong>B.</strong></span> 
     </span>
    </p>
   </div>
   <div class='ocr_carea' id='block_1_4' title="bbox 0 0 1105 3678">
    <p class='ocr_par' dir='ltr' id='par_1_10' title="bbox 0 0 1105 3678">
     <span class='ocr_line' id='line_1_35' title="bbox 0 0 1105 3678; baseline 0 0"><span class='ocrx_word' id='word_1_213' title='bbox 0 0 1105 3678; x_wconf 95' lang='lat' dir='ltr'><strong> </strong></span> 
     </span>
    </p>
   </div>
  </div>
 </body>
</html>
