2154 3678
521 208 710 266 ..4.-

215 356 324 438 tiosam
349 349 551 432 materiemffl)
580 354 702 431 ingenio
730 361 847 426 vestro,
876 354 1025 414 vilissima

218 439 433 518 compositione
458 439 511 498 vix
537 459 741 518 praeparans,
771 459 841 498 num
855 434 896 517 22)
922 440 1026 517 putari

217 524 314 583 debeo
337 525 550 602 conscripsisse
572 523 654 603 quod
681 525 783 601 cupio,
810 523 863 582 ubi
885 523 1023 602 discipli-

216 629 274 667 nae
291 608 426 668 liberalis
441 609 525 668 nulla
542 610 739 679 constructio,
759 607 860 667 nullus
875 627 1023 686 gramma-

215 695 270 752 tici
293 693 432 753 culminis
453 694 546 753 decor
572 693 684 755 existit.
720 693 824 753 Habet
842 693 934 770 plane
956 713 1023 752 cer·

215 789 279 837 tum
307 778 539 837 fundamentum
569 778 660 837 solius
685 777 771 850 fidei,
803 797 862 856 quo
886 786 1025 837 sanctum

213 866 312 923 virum
345 863 488 922 mirandis
524 871 642 922 constat
675 863 820 922 claruisse
851 861 1021 936 virtutibus,

215 948 297 1028 qnod
313 967 369 1026 per
389 967 495 1007 manus
516 946 639 1022 linguae
654 956 726 1006 tuae
749 967 831 1006 nunc
851 942 1023 1024 confer023)

217 1031 435 1102 collocandum,
456 1031 494 1090 de
505 1033 550 1090 tui
566 1032 666 1110 operis
680 1031 801 1108 fastigio
817 1031 924 1090 laudes
937 1031 1023 1091 Chri-

215 1128 261 1176 sto
278 1116 395 1174 debitas
412 1114 594 1175 redditurus.

278 1201 338 1258 Illa
353 1220 473 1280 quoque
491 1221 599 1280 precor
612 1201 757 1258 virtutum
777 1199 926 1260 beneficia
943 1201 1023 1259 sani·

214 1295 371 1364 tatumque
390 1285 540 1356 remedia,
556 1305 635 1364 quae
651 1285 701 1344 vel
717 1287 747 1343 in
765 1285 892 1357 itinere,
909 1285 960 1343 vel
973 1285 1024 1343 hic

217 1366 304 1448 adu)
324 1370 461 1430 eiusdem
479 1370 649 1429 beatissimi
664 1370 762 1429 Patris
784 1369 957 1428 memoriam
978 1369 1022 1427 di-

214 1459 288 1515 vine
303 1465 373 1514 sunt
387 1465 514 1535 peracta
532 1457 661 1526 virtute,
692 1455 826 1532 digneris
843 1453 1023 1528 adnectere3

216 1561 295 1621 quae
313 1541 455 1620 quoniam
474 1540 574 1600 fidelis
590 1541 715 1617 portitor
729 1539 809 1597 filius
824 1547 926 1598 vester
940 1539 1024 1597 Deo·

215 1628 333 1703 gratias
348 1626 461 1701 optime
477 1627 572 1698 novit,
588 1623 683 1682 verbo
701 1622 974 1682 commendavimus
983 1619 1023 1702 25)

214 1708 399 1780 intimanda,
427 1722 584 1788 sperantes
604 1729 658 1768 nos
682 1709 777 1768 baiuli
797 1728 907 1767 nomen
933 1709 1026 1767 etiam

216 1793 255 1852 de
270 1795 315 1853 tui
331 1793 429 1872 operis
445 1793 634 1872 perfectione
655 1794 767 1871 iugiter
788 1812 856 1852 esse
872 1792 1024 1869 dicturos3

215 1887 249 1938 ut
270 1878 330 1937 Dei
356 1876 550 1937 fidelissimus
579 1878 710 1937 famulus
739 1879 832 1936 tantis
861 1877 1024 1936 virtutibus

218 1957 393 2042 opimus²⁶)‚
410 1964 487 2021 sicut
502 1963 541 2022 ad
558 1963 739 2024 Sanctorum
753 1962 878 2040 gloriam
894 1961 954 2020 suis
970 1982 1026 2040 per

217 2049 330 2108 Christi
344 2049 474 2126 gratiam
493 2049 609 2107 meritis
630 2048 784 2120 evehitur,
806 2047 850 2106 sic
865 2045 904 2104 ed
918 2045 1023 2106 huma·

216 2154 285 2192 narn
301 2133 475 2192 memoriam
492 2134 551 2192 tuis
565 2133 676 2192 litteris
700 2140 901 2190 consecretur.
940 2130 1024 2190 Sane

215 2219 331 2297 patria,
352 2217 391 2277 de
407 2237 468 2297 qua
483 2215 625 2296 fue'rit27)
642 2216 802 2292 oriundus,
826 2217 955 2275 fortasse
970 2236 1023 2275 ne·

251 2451 295 2514 21)
314 2451 387 2500 hanc
406 2450 474 2503 eod.
493 2451 525 2500 Α.
544 2453 730 2517 scriptionem,
750 2453 853 2517 quippe
869 2466 938 2516 quae
957 2465 1025 2500 ana·
1072 2459 1073 2468 ²

216 2520 299 2585 logiis
317 2534 370 2568 non
388 2519 425 2568 sit
442 2518 583 2582 destituta,
602 2534 711 2585 semper
730 2519 901 2570 retinendam
920 2518 995 2569 duxi.
1072 2515 1073 2528 ¹

249 2585 292 2650 22)
311 2602 362 2636 non
380 2585 506 2636 absolute
524 2587 555 2636 B.

248 2653 292 2715 23)
311 2655 393 2718 offero
413 2653 568 2719 elegantius
587 2659 615 2704 at
632 2670 686 2704 non
704 2655 796 2706 verius
814 2654 844 2706 B.

249 2721 294 2786 24)
312 2723 385 2785 apud
401 2722 432 2770 B.

249 2789 292 2850 25)
312 2794 419 2853 tempus
437 2804 569 2854 praesens
587 2792 783 2840 commendamus
801 2793 893 2840 exstat
910 2790 938 2837 in
955 2789 989 2838 B.

252 2855 296 2920 26)
314 2859 448 2921 opulentus
465 2857 497 2906 Β.

220 2924 293 3041 Ο27)
312 2925 400 2974 minus
423 2924 525 2990 regulis
550 2923 754 2976 Grammaticac
782 2928 914 2975 consonat
939 2924 1026 2974 lectio

248 2993 290 3043 od.
310 2993 342 3042 Β.
360 2993 420 3056 fuit.
