2154 3678
344 227 404 273 -’
434 251 493 290 xm
541 219 583 276 '-

120 383 215 461 Quod
243 393 422 462 apparatum
448 386 585 444 criticum
614 387 737 458 attinet,
762 397 868 444 notan-

63 484 127 544 dum
146 495 203 558 est,
222 486 303 565 quod
320 484 464 545 Oodicem
481 473 720 546 Lateranensem
738 488 828 547 litera
844 492 868 546 A

63 589 214 665 signatum
238 607 344 667 presso
364 588 445 666 pede
471 597 595 647 secutus
625 610 705 665 sum;
733 593 869 669 praepri-

60 691 113 748 mis
128 692 252 749 nomina
270 692 393 768 proprie
408 689 448 752 ad
463 689 590 763 verbum
604 692 723 749 retinui.
748 692 870 750 Lectio·

59 811 111 848 nes
127 793 232 849 varias
249 792 424 869 scrupulose
441 791 563 864 addidi,
584 792 664 851 hunc
685 793 717 850 in
738 792 868 863 modum,

60 901 90 950 ut
115 894 206 971 signo
233 896 261 949 B
287 893 451 952 editionem
476 893 735 952 Bollandistarum
763 902 868 972 utpote

60 995 257 1074 praecipuam
284 1003 435 1067 notarem,
462 994 596 1074 reliquos
623 1004 723 1054 autem
749 994 870 1054 codices

61 1097 146 1154 iuxta
161 1097 286 1155 nomina
306 1097 452 1155 editorum
475 1118 503 1154 v.
520 1118 549 1174 g.
565 1098 730 1180 Baronius,
747 1098 868 1169 Velser,

60 1197 140 1270 Pec,
161 1198 268 1257 Surius
285 1207 342 1257 etc.
360 1201 493 1257 citarem.
512 1233 549 1244 —
579 1198 786 1278 Capitulornm
801 1220 869 1278 par·
958 1237 964 1242 -

62 1301 210 1369 titionem,
226 1319 315 1376 quam
332 1298 475 1359 OodexA
492 1300 625 1371 exhibet,
648 1320 788 1380 quaeque
804 1302 871 1358 usui

62 1401 159 1478 magis
176 1401 340 1459 convenire
357 1403 430 1459 mihi
445 1401 615 1474 videbatur,
632 1404 753 1474 retinui,
767 1421 870 1482 quam·

62 1503 106 1560 vis
135 1521 154 1560 a
180 1501 381 1560 Bollandistis
406 1501 574 1580 discrepet,
599 1523 726 1582 eamque
751 1504 872 1562 maioris
916 1527 924 1548 ο
951 1535 956 1542 -

20 1645 21 1666 i
62 1604 289 1682 perspicuitatis
319 1605 418 1679 gratia
446 1604 555 1662 indicis
585 1607 681 1663 instar
711 1607 755 1662 in.
773 1605 872 1664 fronte

62 1705 132 1764 libri
153 1705 313 1763 collocavi.
336 1738 372 1748 -
397 1703 485 1780 Quae
510 1705 625 1770 lunulis
648 1707 766 1766 inclusa
786 1707 870 1764 inve·

63 1795 211 1878 niuntur,¹
226 1827 288 1864 non
306 1807 337 1864 in
354 1805 469 1865 Codice
486 1817 620 1881 exstant,
644 1807 698 1868 sed
720 1828 774 1886 pro
797 1808 871 1865 faoi-

63 1909 132 1967 liori
148 1907 354 1983 intelligentie
370 1907 569 1967 addebantur.

127 2011 289 2088 Superest,
311 2018 345 2067 ut
365 2010 442 2068 haee
465 2010 558 2069 editio
580 2012 661 2069 vitae
676 2011 710 2090 S.
730 2011 873 2071 Severini

66 2113 204 2192 primitus
217 2131 272 2189 pro
291 2111 466 2190 quotidiano
486 2131 544 2170 usu
559 2112 704 2190 adaptate
719 2114 751 2171 in
766 2131 872 2170 manus

66 2214 244 2293 praeprimis
270 2211 424 2270 studiosae
451 2212 618 2272 iuventutis
644 2233 680 2270 ac
702 2212 786 2273 Cleri
806 2235 873 2293 pro-

67 2315 186 2374 vinciae
202 2313 384 2372 Austriacae
399 2316 572 2392 perveniat,
599 2315 636 2373 ab
656 2316 761 2394 eisque
777 2316 874 2374 liben-

68 2427 113 2476 ter
128 2416 316 2494 perlegatur,
335 2417 448 2495 quippe
465 2435 556 2494 quum
572 2417 649 2476 haec
666 2418 738 2477 Vita
754 2419 874 2475 unicum

69 2521 133 2577 fere
156 2517 319 2575 Ecclesiae
344 2511 475 2574 Noricee
497 2519 732 2577 vetustissimum
760 2531 790 2576 et
814 2518 874 2576 fide

69 2619 198 2679 maxime
211 2618 333 2694 dignum
346 2618 384 2676 sit
397 2628 631 2678 monumentum.
654 2620 784 2697 Insuper
795 2620 875 2677 idern

71 2721 192 2780 libellus
209 2739 227 2776 a
241 2740 288 2778 me
303 2721 473 2779 recensitus
489 2739 527 2778 ne
545 2722 796 2799 historiographis
810 2721 875 2799 qui-

73 2823 138 2881 dem
163 2830 193 2880 et
215 2823 421 2900 geographiae
438 2823 549 2881 veteris
572 2823 736 2880 cultoribus
756 2821 874 2880 indiffe-

72 2944 138 2982 rens
159 2920 328 3000 adparebit.
913 2907 915 2912 ¹

134 3024 203 3083 Non
224 3033 310 3099 sunt,
341 3045 420 3105 quae
441 3026 623 3106 praefationi
647 3045 734 3084 meae
756 3024 874 3099 addam,
