2154 3678
330 211 343 245 ἱ

376 271 589 331 ..79-

73 419 179 490 nebat,
196 419 299 478 alacer
313 421 513 498 pervenisset,
531 440 566 479 ac
582 420 637 479 sub
654 441 689 480 eo
707 423 810 482 clauso
828 425 887 483 oris

73 506 121 564 sui
141 506 218 564 ostio
236 505 268 563 in
290 505 390 564 cordis
413 505 551 564 cubiculo
574 506 779 583 supplicaret,
803 509 886 567 illico

72 590 181 667 lingna
197 590 262 648 eius
278 590 308 647 in
327 585 494 667 oratione²)
508 592 653 663 resoluta,
670 591 792 650 laudem
809 592 888 652 dixit
904 629 912 644 ·

71 674 244 733 Altissimo.
278 673 414 755 Cumque
429 695 570 734 reversus
584 675 622 733 ad
639 676 810 754 hospitium,
826 699 887 758 quo

72 760 190 838 suscipi
214 768 431 832 consueverat,
456 757 691 838 interrogatum)
714 762 823 820 fuisset
848 781 887 820 ex

72 864 168 916 more,
185 851 260 902 nutu
276 845 403 920 signove
414 844 561 923 pulsatus,
577 853 607 902 et
624 840 759 921 orasse4)
776 854 806 904 et
820 847 886 904 lau-

73 928 143 988 dem
156 930 265 987 seDeo
279 929 425 988 obtulisse
442 929 525 998 clara
540 949 617 988 voce
632 930 797 1009 respondit.
817 929 886 1008 Quo

72 1014 220 1094 loquente
236 1014 393 1091 pavefacti
411 1015 548 1091 quicum
563 1025 729 1089 noverant,
758 1015 797 1073 ad
820 1035 886 1073 ora·
994 1073 998 1088 ,

70 1099 183 1157 lorium
206 1118 273 1156 cum
295 1092 426 1158 clamore
448 1107 621 1172 currentes,
643 1109 750 1160 sancto
766 1100 886 1160 Lucillo

70 1182 273 1263 presbytero,
298 1184 449 1264 simulque
474 1184 561 1244 nobis
584 1185 722 1262 quicum
743 1185 796 1243 illo
819 1205 884 1244 era-

71 1288 156 1340 mus,
172 1267 383 1345 ignorantibus
399 1267 513 1348 quod5)
532 1279 686 1341 evenerat,
703 1269 885 1330 indicarunt.

71 1354 164 1412 Tunc
181 1373 285 1412 omnes
302 1353 475 1412 exultantes
494 1355 524 1412 in
545 1353 667 1430 gaudio,
684 1353 806 1412 divinae
824 1355 885 1413 cle-

70 1439 208 1498 mentiae
223 1440 389 1514 gratiarnm
405 1438 562 1496 retulimus
578 1433 771 1514 actionemt).

136 1523 253 1582 XLVI.
283 1523 382 1599 Igitur
397 1521 523 1581 illustris
539 1523 673 1580 foemina
684 1523 834 1581 Barbaria
849 1522 885 1580 B.

70 1608 271 1676 Severinum,
301 1627 391 1687 quem
417 1608 499 1665 fama
524 1606 575 1666 vel
602 1595 807 1666 litteris⁸cum
832 1628 885 1666 suo

70 1690 226 1773 quondam
253 1691 349 1770 iugali
379 1693 491 1770 optime
517 1701 662 1764 noverat,
690 1689 885 1770 devotiosa1)

68 1785 220 1838 venerata
237 1785 292 1836 est.
322 1775 410 1854 Quae
418 1773 442 1853 ²)
459 1785 528 1855 post
544 1777 658 1836 obitum
675 1779 739 1836 eius
757 1777 886 1836 audiens

69 1861 287 1942 corpusculum
304 1861 410 1921 Sancti
435 1863 465 1921 in
485 1857 612 1938 Italia³)
628 1861 721 1920 multo
737 1858 884 1938 honoret)

67 1946 269 2028 perductum,
301 1956 331 2005 et
354 1967 451 2025 usque
474 1947 513 2006 ad
538 1946 615 2005 illud
643 1955 761 2025 tempus
785 1955 885 2004 terrae

67 2032 250 2092 nullatenus
265 2031 521 2103 commendatum,
535 2030 743 2091 venerabilem
757 2029 886 2111 presby·

68 2129 171 2177 terum
185 2124 317 2175 nostrum
326 2117 524 2188 Marcianum,
541 2115 596 2174 sed
613 2125 643 2175 et
660 2123 799 2174 cunctam
815 2135 885 2173 con·

68 2203 284 2281 gregationem
292 2201 400 2260 litteris
409 2200 619 2279 frequentibus
628 2200 780 2258 invitavit.
796 2200 886 2258 Tunc

69 2289 105 2348 S.
131 2285 250 2347 Gelasii
275 2284 364 2346 Sedis
387 2287 477 2346 Rom.
498 2285 611 2344 Pontii.
635 2285 832 2359 auctoritate,
855 2294 886 2344 et

70 2438 270 2449 --—--—

172 2527 312 2572 orationem
327 2522 360 2571 Β.

174 2589 356 2652 interrogantis
373 2589 502 2640 mendose
520 2590 553 2639 A.

174 2661 235 2720 post
252 2672 340 2708 orasse
357 2657 444 2706 habet
460 2673 487 2706 se
504 2657 535 2706 B.

123 2522 154 2584 2)

125 2588 155 2651 3)

125 2655 155 2718 4)

125 2721 155 2788 5)
174 2724 236 2788 quid
251 2725 282 2773 B.

125 2789 155 2853 6)
173 2791 286 2840 actiones
297 2791 328 2840 B.

126 2857 155 2922 1)
175 2860 296 2922 religiosa
312 2860 442 2910 devotione
458 2860 492 2910 Β.

124 2925 155 2992 2)
173 2932 236 2992 post
255 2943 318 2992 quae
334 2927 476 2978 interserit
493 2943 546 2977 cum
563 2927 595 2976 B.

126 2995 154 3059 3)
173 2995 277 3044 Italiam
295 2995 326 3045 B.

124 3063 154 3126 4)
172 3063 260 3113 labore
277 3062 308 3112 Β.
