2154 3678
511 289 554 299 ...
597 257 637 319 68
681 289 721 296 .-

212 411 307 468 multa
334 408 435 466 futura
460 427 515 487 per
536 407 597 466 Dei
622 408 749 484 gratiam
774 347 1026 486 draedicebat³)‚

212 493 372 553 multorum
396 493 486 551 etiam
512 492 632 550 occulta
656 510 859 569 cognoscens,
887 499 922 549 nt
948 511 1026 570 opus

214 588 278 637 erat
293 577 470 657 proferebat
485 578 516 636 in
530 576 671 648 medium,
689 585 720 634 et
733 576 860 653 singulis
875 576 1026 646 remedia,

212 673 302 743 prout
316 664 464 743 poscebat
478 661 584 722 modus
601 660 810 738 aegritudinis,
829 659 1025 738 providebat.

214 751 332 808 Stratus
362 749 427 806 eius
446 768 538 806 unum
564 755 629 806 erat
650 748 681 805 in
704 746 826 804 oratorii
848 746 1026 825 pavimento

214 834 361 905 cilicium,
387 833 468 891 omni
496 842 631 912 tempore
658 832 723 910 ipso
751 850 811 909 quo
832 829 1027 889 vestiebatur

107 933 109 938 ·
214 919 335 991 amictu,
356 919 447 975 etiam
463 915 533 974 dum
549 918 732 997 quiesceret,
748 916 898 974 utebatur.
928 914 1025 973 Num·

214 1023 304 1083 quam
327 1009 397 1058 ante
423 1001 495 1059 solis
519 1021 658 1060 occasum
679 1002 738 1060 nisi
761 1010 845 1059 certa
865 999 960 1058 solvit
980 1003 1024 1059 fe·

215 1087 350 1146 stivitate
375 1084 528 1143 ieiunium.
561 1084 822 1164 Quadragcsimae
850 1105 921 1143 vero
949 1093 1024 1144 tem-

214 1171 337 1250 poribus
358 1189 420 1228 una
440 1190 494 1248 per
515 1169 737 1228 hebdomadem
761 1169 931 1228 refectione
956 1189 1024 1228 con·

212 1263 325 1326 tentus,
336 1255 567 1334 aequalivultus
580 1253 894 1332 hilaritatefnlgebat.
911 1255 1025 1313 Aliena

213 1339 432 1420 quasipropria
448 1339 925 1420 erratadeflens,quibuspoterat
934 1359 1025 1418 prae·

213 1425 300 1485 sidiis
314 1425 512 1504 temperabat.

256 1510 325 1568 XL.
350 1509 472 1568 Deinde
491 1517 559 1590 post
579 1509 689 1568 multos
706 1526 821 1584 agones
837 1517 868 1567 et
883 1508 1026 1567 diuturna

216 1594 399 1666 certamina,
416 1614 532 1652 cumae
549 1593 630 1652 idem
638 1589 661 1671 ¹)
677 1593 786 1652 beatus
803 1594 971 1676 Severiano
988 1591 1026 1652 de

215 1679 274 1738 hoc
290 1679 394 1736 seculo
409 1680 603 1738 transiturum
611 1680 679 1737 Deo
693 1678 851 1737 revelante
867 1680 1026 1750 sensisset,

213 1772 408 1821 memoratum
426 1763 583 1841 Rugorum
595 1784 700 1840 regem
710 1764 826 1822 Fevam
845 1783 912 1822 cum
930 1782 1026 1822 uxore

219 1848 284 1906 eius
303 1846 527 1922 crudelissima,
550 1849 671 1906 nomine
690 1846 779 1916 Gisa‚
803 1847 894 1906 adse
918 1849 1026 1908 venire

216 1933 407 1992 commonuit.
441 1932 540 2010 Quom
565 1954 631 1990 oum
652 1932 835 1992 salutaribus
848 1933 1026 1992 exhortatus

216 2025 296 2076 esset
312 2017 464 2089 affatibus,
487 2019 530 2075 ita
544 2027 577 2076 ut
594 2037 660 2075 cum
676 2018 733 2076 sibi
749 2015 893 2076 subiectis
910 2025 1025 2094 ageret,

109 2149 110 2156 ,
215 2098 281 2179 nt²)
299 2122 331 2160 se
349 2102 460 2179 iugiter
476 2104 622 2180 cogitaret
634 2122 689 2180 pro
708 2110 789 2160 statu
804 2104 891 2180 regni
913 2105 961 2161 sui
979 2123 1025 2162 ra-

216 2189 330 2245 tionem
345 2187 476 2245 Domino
492 2187 696 2258 redditurum,
714 2187 844 2267 aliisque
861 2187 963 2246 verbis
981 2189 1025 2245 in-

215 2271 336 2350 trepido
349 2267 701 2349 monuissetporrecta3)
713 2273 906 2349 manuchis
917 2281 1025 2352 pectus

217 2353 381 2414 ostendens
395 2355 546 2432 Reginam
569 2352 649 2433 his4)
668 2355 957 2435 interrogationibus
979 2378 1024 2415 ar·

216 2438 345 2518 guebat:
369 2439 500 2513 ‚,Hanc,
517 2441 630 2521 inquit,
646 2442 792 2514 animam,
811 2439 900 2512 Gisa,
917 2462 957 2500 an
973 2462 1024 2500 au-

215 2546 281 2583 rum
299 2532 515 2602 argentumque
536 2526 604 2604 plus
625 2525 777 2602 diligis?“
813 2523 951 2606 Cumque
962 2526 1025 2584 ‘illa

214 2611 353 2668 maritum
381 2629 414 2669 ee
443 2608 559 2669 diceret
586 2612 702 2669 cunctis
732 2611 838 2691 opibus
861 2611 1024 2682 anteferre,

217 2731 402 2738 ...-....---

265 2778 291 2840 3)
308 2777 478 2844 praedicabat
495 2779 535 2832 B.
622 2755 634 2836 ,⁸

268 2846 292 2907 1)
311 2849 376 2896 idem
394 2845 497 2896 excidit
513 2847 542 2895 in
560 2846 591 2894 B.

265 2913 293 2978 2)
312 2931 359 2979 quo
378 2915 410 2963 B.

265 2979 293 3044 3)
308 2987 432 3046 protenta
447 2982 479 3031 Β.

266 3047 293 3113 4)
311 3049 350 3098 bia
368 3048 445 3098 deest
462 3048 491 3098 in
508 3049 541 3100 B.
