2154 3678
334 217 540 278 ...81-

44 377 71 426 et
93 374 200 439 oraret,
223 368 359 445 protinus
383 362 505 444 vid5114)
520 366 697 443 singillatim
720 366 841 425 damon·

43 462 135 511 straus
156 471 258 510 omnes
279 462 365 510 notos
391 460 481 531 atque
502 452 628 511 vicinos.
670 451 738 529 Quo
760 452 841 510 facto

44 538 149 605 cuncti,
170 538 223 617 qui
240 536 413 609 audierant,
430 539 543 614 gratias
563 539 631 596 Deo
647 538 841 617 lacrymanti·

44 623 94 682 bus
109 621 225 700 gaudiis
241 624 421 682 retulerunt.

101 709 235 768 Marinus
263 729 383 789 quoque
414 709 599 786 primicerius
631 715 784 766 cantorum
802 703 841 784 l⁵)

43 801 162 852 sanctae
178 793 330 852 ecclesiae
345 794 580 872 Neapolitanae,
598 812 664 850 cum
682 795 843 851 sanitatem

42 889 106 956 post
120 879 365 938 immanissimum
387 878 564 956 languorem
575 873 612 954 16)
628 880 766 957 recipere
776 893 778 898 '
789 897 842 956 pro

41 959 213 1024 incessabili
229 964 336 1041 capitis
353 964 457 1023 dolore
472 985 531 1024 non
547 972 668 1043 posset,
688 973 777 1041 caput
791 983 844 1021 ve-

41 1031 139 1108 biculo
156 1049 282 1108 credens
303 1051 458 1129 apposuit,
483 1059 513 1108 ct
527 1069 596 1106 mox
611 1070 629 1107 a
645 1049 748 1108 dolore
768 1048 843 1107 libe·
910 1067 913 1074 ·

43 1156 103 1193 rum
119 1135 298 1209 sublevavit,
314 1131 536 1216 memorque¹⁷)
553 1134 704 1207 beneficii,
726 1153 844 1213 semper

43 1221 70 1278 in
86 1219 134 1278 die
147 1220 344 1299 depositionis
362 1222 426 1280 eius
442 1239 613 1292 occurrens,
630 1215 736 1296 voti¹⁸)
753 1219 844 1278 sacri·

43 1305 139 1364 ficium
163 1307 231 1364 Deo
259 1325 324 1363 cum
348 1307 513 1382 gratiarum
537 1305 659 1363 actione
685 1303 844 1363 reddebat.
918 1305 920 1310 ’

43 1391 152 1450 Verum
166 1391 266 1450 multis
280 1390 369 1469 plura
387 1390 552 1450 scientibus
573 1389 706 1448 sufficiat
727 1390 786 1447 tria
807 1387 846 1447 <le

43 1477 201 1535 innumeris
211 1472 267 1555 19),
292 1495 369 1554 quae
385 1477 416 1533 in
432 1476 573 1552 ingressu
587 1475 651 1533 eius
667 1483 845 1552 gestarunt,

42 1559 252 1621 beneficiorum
285 1562 492 1640 virtutumque
519 1560 661 1620 retulisse
689 1558 845 1618 miracula.

43 1645 255 1706 Monastcrium
277 1647 368 1724 igitur
389 1647 419 1705 in
431 1641 474 1720 ²⁰)
496 1645 602 1704 eodem
623 1646 689 1704 loco
713 1654 845 1704 constru-

43 1740 136 1804 ctum,
155 1731 194 1790 ad
208 1733 383 1791 memoriam
398 1731 482 1790 beati
501 1731 568 1804 viri,
581 1731 728 1790 hactenus
742 1749 845 1811 perse·

42 1827 142 1892 verat3
171 1818 255 1876 cuius
275 1818 390 1876 meritis
410 1816 495 1874 multi
516 1817 632 1876 obsessi
655 1838 672 1876 a
692 1815 846 1875 daemoni-

41 1898 144 1980 bus²¹)
164 1911 347 1981 receperunt
368 1923 403 1960 ac
423 1903 591 1981 recipiunt,
619 1911 765 1981 operante
787 1901 848 1959 Dei
887 1973 889 1977 Ι

41 1989 147 2064 gratia,
165 1989 346 2064 sanitatem
371 1990 418 2046 cui
434 1997 480 2046 est
493 1989 589 2046 honor
606 1994 637 2046 et
652 1987 749 2064 gloria
766 1987 798 2045 in
806 1981 846 2063 29)

41 2072 376 2134 saecula'saeculornm.
409 2072 517 2132 Amen.

45 2189 245 2201 ——-—.

74 2241 116 2304 14)
134 2243 260 2305 prospicit
277 2243 308 2291 B.

75 2307 119 2374 15)
138 2317 268 2359 cantorum
286 2325 337 2362 om.
356 2309 388 2358 Β.

74 2375 119 2438 16)
139 2394 192 2426 cum
212 2379 345 2428 sanitatem
365 2384 425 2442 post
446 2378 641 2426 immanissimum
658 2379 755 2441 capitis
778 2378 848 2426 dolo·

41 2461 89 2494 rem
108 2447 226 2510 recipcre
244 2462 294 2497 non
309 2454 404 2510 possel,
424 2454 502 2510 caput
520 2450 572 2495 etc.
593 2447 624 2497 B.

73 2513 117 2577 17)
137 2515 203 2562 illius
223 2514 284 2563 add.
303 2515 334 2562 B.

74 2580 115 2644 18)
135 2584 249 2631 devotum
266 2583 298 2630 B.

74 2648 118 2714 19)
137 2650 269 2713 sufficiant
286 2653 335 2700 ista
353 2653 384 2700 de
401 2651 536 2700 irmumcris
554 2650 585 2699 B.

71 2716 116 2781 20)
137 2719 163 2766 in
183 2734 234 2767 om.
253 2718 284 2767 Β.
478 2725 480 2732 ⁴

71 2785 115 2848 21)
135 2788 220 2835 curati
237 2794 307 2848 sunt,
333 2795 357 2836 et
375 2788 482 2837 diversis
500 2786 616 2836 obstricti
633 2783 794 2848 [raptoribus
809 2798 850 2832 re·

41 2861 163 2917 ceperunt
183 2859 235 2903 eto.
257 2854 318 2903 add.
338 2855 369 2902 B.
390 2851 604 2919 (paraphrasis).

70 2921 115 2987 22)
134 2939 186 2987 per
203 2924 301 2985 infinita
319 2924 351 2972 B.

79 3126 150 3162 vm
170 3127 193 3160 8.
215 3125 357 3161 SEVERINI.
