2154 3678
379 259 568 320 -9-

47 419 87 470 tu
103 409 204 481 haec,
228 427 308 488 quae
324 427 344 465 a
358 407 575 467 monstranda
590 408 753 486 poscebas,
773 410 873 470 clocu-

49 509 106 555 tus
127 513 162 552 es
179 492 360 571 simplicius,
382 493 544 571 explicasti
565 493 705 570 facilius,
727 494 803 553 nihil
821 495 873 554 ad·

49 576 228 638 iiciendum
249 577 345 636 labori
366 588 468 637 vestro
492 576 590 636 studio
615 577 725 636 nostro*
745 578 872 638 credidi·

49 684 137 726 mus.
178 662 336 742 Siquidem
358 662 446 722 aliter
468 661 572 721 audita
592 682 762 735 narramus,
785 664 874 724 aliter

52 755 196 828 experta
216 747 429 824 depromimus.
470 747 607 806 Facilius
630 749 758 806 virtutes
779 751 873 825 magi-

51 845 193 893 strorum
210 851 228 889 a
247 830 405 911 discipulis
428 842 634 910 exponuntur,
660 851 738 911 quae
764 852 873 910 sugge-

51 927 172 978 runtur
190 916 323 976 crebrius
339 917 569 975 conversatione
589 916 772 976 docentium.

97 1001 231 1062 Divinis
247 1000 477 1061 charismatibus
496 1002 677 1078 inspiratus,
701 1003 761 1062 scis
781 1001 873 1060 bono·
963 1077 964 1080 Ἴ
1056 1015 1058 1026 “

48 1109 124 1149 rum
140 1083 296 1146 mentibus
311 1086 503 1157 excolendis,
524 1095 670 1165 quantum
691 1095 777 1164 gesta
797 1084 873 1146 San·

52 1184 179 1233 ctornm
196 1169 336 1229 utilitatis
350 1171 540 1248 impertiant,
563 1181 708 1249 quantum
733 1171 873 1248 puritatis

51 1253 229 1318 infundant
237 1251 293 1330 59),
313 1255 351 1314 de
372 1274 432 1335 qua
452 1275 486 1314 re
501 1255 699 1332 Apostolicac
720 1257 803 1314 vocis
820 1275 872 1314 au·

52 1342 189 1401 ctoritas
219 1339 309 1398 latius
347 1340 558 1398 innotescens:
601 1341 729 1411 Forma,
766 1341 873 1419 inquit,
908 1389 910 1396 .

53 1435 162 1486 estote
181 1425 268 1501 gregi
283 1424 322 1502 (I.
337 1424 404 1483 Pet.
421 1434 446 1496 5,
462 1422 518 1500 3.);
545 1431 576 1482 et
590 1423 626 1482 B.
640 1423 756 1482 Paulus
771 1425 873 1482 Timo-

52 1513 133 1570 theo
149 1509 302 1588 praecipit
309 1504 349 1585 60)
361 1529 368 1566 :
389 1510 502 1567 Forma
517 1515 581 1566 esto
593 1506 733 1566 fidelibus
746 1507 784 1588 (Ι.
793 1509 873 1568 Tim.

52 1606 80 1669 4,
103 1593 178 1670 12).
218 1591 309 1653 Unde
333 1592 413 1652 idem
435 1591 601 1672 Apostolus
627 1593 772 1652 iustorum
793 1601 873 1651 cata-

54 1681 168 1755 logum
198 1697 313 1737 summa
343 1677 493 1736 brevitate
524 1686 692 1737 contexens
723 1673 802 1755 et⁶¹)
835 1677 872 1736 ab

52 1763 145 1824 Abel
167 1762 318 1841 incipiens
339 1763 503 1840 insignium
522 1763 654 1821 virorum
680 1764 779 1840 pergit
804 1782 872 1821 nar-

53 1867 130 1909 rare
154 1847 283 1905 virtutes
305 1846 412 1924 (Hebr.
427 1844 493 1924 11.).
536 1846 588 1907 Sic
611 1856 641 1905 et
660 1847 713 1905 ille
734 1846 873 1906 fidelissi-

54 1953 128 1992 mus
149 1931 351 2006 Mathathias‚
373 1932 460 1989 morti
478 1931 713 2008 gloriosissimae
728 1933 788 1990 iam
805 1951 873 2009 pro·

56 2021 234 2099 pinquanS,
261 2013 331 2076 filiis
359 2017 420 2075 suis
442 2014 646 2076 haereditario
660 2017 725 2074 iure
744 2014 872 2074 Sancto·

57 2122 130 2162 rum
155 2100 297 2178 exempla
319 2099 487 2173 distribuit,
511 2120 637 2181 quorum
659 2097 873 2158 certaminibus

58 2184 253 2248 admirandis
282 2180 459 2263 celeriusffl)
487 2186 627 2257 excitati,
658 2186 773 2242 animas
803 2203 873 2242 suas

58 2291 117 2352 pro
135 2268 256 2346 legibus
270 2269 460 2348 sempiternis
477 2271 646 2328 sanctitatis
662 2268 783 2327 fervore
802 2288 872 2327 con-

18 2411 20 2422 .
57 2363 237 2417 temnerent
258 2352 306 2430 (I.
321 2355 402 2414 Mac.
418 2354 476 2431 2.).
514 2354 582 2414 Nec
607 2362 737 2432 paterna
759 2353 873 2412 liberos

56 2439 177 2501 fefellit
193 2437 365 2497 instructio:
388 2447 503 2497 tantum
523 2440 602 2498 enim
617 2439 797 2517 profuerunt
810 2457 872 2496 mc-

55 2524 190 2585 moratis
207 2523 290 2582 facta
307 2523 467 2597 maiorum,
489 2531 522 2582 ut
543 2524 734 2602 apertissima
749 2521 809 2581 fide
825 2543 872 2581 ar·

54 2690 267 2708 ...μ-

94 2791 142 2854 59)
163 2789 241 2840 addit
259 2799 376 2856 quantam
392 2791 503 2854 servans
521 2791 661 2842 attribuant
678 2791 711 2840 B.

35 2917 39 2925 .
67 2939 70 2948 ι
97 2875 145 2940 60)
163 2877 298 2939 praecepit
315 2875 347 2925 B.

93 2959 142 3025 61)
163 2967 188 3009 et
205 2975 257 3010 om.
276 2960 310 3009 B.

95 3043 142 3106 62)
162 3043 285 3094 celebrius
302 3041 334 3094 A.
