2154 3678
367 238 570 298 -45-

54 384 178 457 fuerat,
200 404 263 443 non
276 394 416 461 peracta,
440 386 610 446 tristissimo
630 389 797 446 revertenti
820 408 873 466 ap·

54 469 167 547 paruit
186 469 324 548 quidam,
348 469 602 547 effigiemsaneti
622 473 800 551 praeferens
817 475 873 533 Se-

55 554 176 627 verini,
203 555 256 632 qui
278 573 345 612 enm
364 557 475 614 minaci
502 552 781 635 compellatione¹¹)
802 577 872 635 per-

55 640 201 697 territum
215 640 303 717 sequi
319 659 351 698 se
366 641 466 699 iussit.
503 639 641 720 Oumque
661 661 777 719 pavens
795 636 872 721 et¹²)

57 724 202 783 concitus
222 732 413 802 sequeretur,
435 727 577 804 pervenit
592 725 631 784 ad
645 728 768 784 ianuam
783 727 873 802 regis,

56 810 227 888 statimque
244 807 306 866 dux
321 809 375 867 ille
394 809 537 888 praevius
559 829 598 868 ex
620 809 715 870 oculis
739 811 874 869 miranti-

56 893 117 954 bus
128 888 167 970 13)
186 893 318 951 evanuit.
350 895 464 952 Verum
484 895 566 971 regis
586 895 790 955 internuntius
809 893 873 952 dia·
898 941 901 946 .

58 997 186 1049 conum,
208 976 290 1036 unde
307 987 388 1036 esset
402 974 502 1052 ve114)
518 979 590 1058 quid
607 989 761 1060 speraret,
782 979 874 1038 inter·

56 1057 158 1140 rogat.
190 1063 247 1120 Ille
263 1082 326 1121 rem
341 1062 474 1122 breviter
488 1065 655 1138 insinuans,
673 1065 782 1125 oblatis
799 1065 873 1142 regi,
944 1107 945 1111 ,

56 1147 258 1226 receptisque
273 1149 422 1206 remeavit
435 1150 579 1226 epistolis.
606 1152 756 1210 Dimissus
772 1151 873 1227 igitur,

56 1233 186 1290 revexit
201 1233 264 1290 fere
282 1234 475 1312 septuaginta
491 1236 645 1312 captivos,
667 1237 791 1312 insuper
806 1254 874 1312 pro·

57 1317 239 1376 missionem
254 1317 335 1393 regis
350 1327 467 1394 gratam
484 1318 644 1391 deferens,
667 1339 728 1400 qua
743 1338 874 1396 spopon-

60 1401 110 1460 dit
126 1421 171 1474 se,
191 1420 258 1460 cum
273 1400 437 1478 diligenter
452 1405 640 1480 provinciam
651 1405 873 1483 peragraverit,

56 1486 273 1558 remissurum,
302 1481 479 1565 quantns¹⁵)
510 1488 541 1546 in
568 1486 676 1546 eadem
700 1497 874 1565 reperturus

57 1571 172 1630 fnisset
186 1590 327 1630 numerus
336 1567 375 1646 16)
390 1573 584 1649 captivorum.
602 1573 663 1630 Pro
676 1593 737 1652 qua
747 1593 781 1631 re
792 1583 874 1650 post7

59 1654 186 1716 modum
206 1654 238 1714 S.
263 1655 401 1715 Lucillus
425 1657 586 1738 presbyter
605 1655 789 1730 destinatus,
812 1677 874 1716 ma·

60 1761 157 1819 gnam
171 1741 348 1799 miserorum
372 1742 490 1819 copiam
508 1736 572 1820 a¹⁷)
590 1743 767 1823 captivitate
786 1763 875 1802 revo-

59 1827 156 1884 cavit.

127 1908 203 1968 XX.
227 1909 288 1967 Per
302 1908 334 1968 id
349 1918 480 1989 tempus,
498 1931 556 1990 quo
572 1912 740 1971 Romanum
756 1922 874 1972 consta·

59 1996 116 2057 bat
132 1992 307 2071 imperium,
329 1994 488 2054 multorum
503 1996 612 2056 milites
627 1995 806 2074 oppidorum
821 2017 875 2075 pro

62 2077 205 2140 custodia
231 2079 335 2137 limitis
359 2080 489 2158 publicis
516 2079 677 2158 stipendiis
704 2080 874 2140 alebantur.

63 2165 137 2242 Qua
164 2162 384 2223 consuetudine
412 2164 585 2235 desinente,
612 2165 701 2224 simul
726 2165 874 2226 militares

63 2259 182 2310 turmae
207 2257 277 2308 sunt
301 2247 439 2324 deletae;
473 2269 540 2306 cum
566 2249 661 2308 limite
688 2249 839 2310 Batabino
849 2247 874 2331 1)

62 2345 240 2411 utcumque,
256 2353 380 2392 numero
395 2333 591 2412 perdurante,
601 2354 638 2392 ex
655 2355 714 2414 quo
730 2356 875 2414 porrexe·
899 2407 902 2418 Ἰ

99 2551 144 2612 ll)
163 2553 334 2616 appellatione
351 2552 383 2600 B.

100 2618 146 2682 12)
166 2625 241 2684 atque
259 2620 292 2670 B.

100 2685 134 2736 13
164 2688 280 2737 mirantis
298 2687 329 2735 B.

99 2754 133 2804 14
162 2753 224 2804 loco
241 2757 281 2803 vel
296 2755 327 2804 B.
347 2761 379 2804 et.

99 2821 143 2884 15)
163 2828 270 2886 picarios
287 2822 318 2873 B.
338 2822 425 2872 relate
446 2821 621 2873 adnumeres.

101 2885 143 2952 16)
161 2905 277 2940 numeror
288 2890 320 2939 B.

101 2955 143 3018 17)
163 2973 198 3007 err
215 2958 247 3006 Β.

119 3023 144 3088 l)
163 3023 243 3074 Cous.
263 3025 285 3075 I.
304 3031 360 3075 not.
379 3026 404 3074 2.
