2128 3682
497 216 706 276 ..14-

263 367 306 425 ΙΙ.
328 367 385 424 His
402 363 512 423 auditis
526 362 713 421 habitatores
730 361 835 440 oppidi
850 364 1015 422 memorati

200 450 424 510 incredulitatis
438 445 462 526 1)
494 448 615 507 veniam
642 446 847 525 postulantes,
887 448 1014 508 monitis

202 537 259 595 viri
274 537 335 595 Dei
354 528 484 611 sancti²)
507 532 648 613 operibus
669 540 850 610 paruerunt,
870 533 1013 591 ieiuniis-

95 679 102 698 ,
201 641 260 702 que
286 619 382 678 dediti
407 614 468 696 et3)
491 620 523 676 in
548 617 679 676 ecclesia
699 636 754 694 per
779 616 913 675 triduum
944 637 1014 676 con-

200 705 334 783 gregati,
362 711 462 762 errata
488 703 656 782 praeterita
677 701 868 778 castigabant
890 703 1015 778 gemiti·

200 792 256 850 bus
279 798 309 849 et
331 789 482 848 lamentis.
516 787 577 845 Dic
594 795 693 844 autem
707 782 846 862 tertia4),
870 805 942 844 cum
969 807 1015 846 sa·

202 875 307 936 crificii
326 874 495 951 vespertini
517 870 691 930 solemnitas
711 870 906 949 imploretur,
927 871 1014 930 facto

202 961 300 1020 subito
315 966 416 1017 terrae
432 966 529 1030 motu,
546 957 589 1014 ita
603 963 672 1016 sunt
687 953 808 1022 barbari
824 957 1014 1015 intrinsecus

201 1045 375 1103 habitantes
391 1042 539 1114 exterriti,
555 1050 588 1099 ut
601 1048 706 1119 portas
721 1040 944 1099 sibiRomanos
964 1061 1013 1100 co·

201 1136 308 1206 gerent
323 1127 440 1204 aperire
455 1125 614 1185 velociter.
650 1125 810 1183 Exeuntes
827 1125 923 1202 igitur
939 1145 1013 1184 con·

202 1210 286 1290 oitil)
307 1211 504 1288 diffugerunt,
526 1211 722 1270 aestimantes
744 1205 814 1287 sel)
839 1211 1013 1271 vicinorum

200 1298 331 1356 hostium
357 1295 514 1355 obsidione
534 1296 679 1366 vallatos,
703 1290 868 1373 actoque7)
892 1303 1012 1370 terrore

202 1381 363 1455 divinitus,
394 1377 522 1458 noctisss)
548 1401 648 1440 errore
675 1379 807 1452 confusi,
836 1381 950 1440 mutuis
979 1403 1011 1440 se

201 1467 312 1546 gladiis
331 1465 537 1526 conciderunt.
567 1465 639 1524 Tali
662 1483 732 1541 ergo
757 1464 944 1524 adversariis
967 1467 1010 1525 in·
1041 1461 1042 1506 l

200 1553 376 1611 terneoione
406 1551 601 1628 consumptis,
634 1549 736 1607 divino
765 1548 853 1628 plebs
884 1560 1010 1610 servata

166 1647 169 1650 '
200 1635 371 1717 praesidio,
388 1655 443 1712 per
459 1644 595 1694 sanctum
609 1636 708 1694 virum
723 1634 812 1692 armis
831 1633 941 1694 didicit
955 1656 1008 1714 pu·
1041 1699 1042 1712 χ

201 1740 294 1798 gnare
311 1719 504 1778 coelestibus.

263 1804 323 1864 III.
355 1802 474 1878 Eodem
489 1811 623 1882 tempore
643 1803 796 1862 civitatem
811 1804 936 1862 nomine
950 1806 1007 1863 Fa·

201 1889 300 1949 bianis
311 1885 337 1964 ¹)
354 1907 448 1947 saeva
464 1888 560 1948 fames
583 1896 791 1968 oppresserat,
813 1889 899 1946 cuius
908 1884 937 1966 ²)
956 1890 1009 1948 ba·

199 1974 347 2034 bitatores
368 1974 489 2033 unicum
510 1973 568 2032 sibi
592 1972 760 2032 remedium
785 1967 886 2052 fore³)
911 1974 1008 2033 credi·

295 2143 467 2194 incredulitati
483 2141 514 2190 B.

298 2209 363 2260 (lod.
382 2211 412 2259 B.
431 2211 527 2259 sanctis
543 2207 660 2258 relatum
679 2207 714 2256 ad
732 2207 858 2272 operibus.
902 2263 908 2273 ¹

299 2276 436 2341 particula
454 2285 479 2343 ct
498 2276 600 2326 excidit
617 2276 646 2325 in
663 2275 696 2325 B.

298 2347 372 2394 tertio
390 2345 421 2395 B.

297 2413 379 2460 cuncti
394 2413 440 2472 B.;
459 2410 553 2460 forsan
571 2409 659 2460 forma
677 2414 820 2460 contracta
837 2425 886 2474 pro
906 2414 1006 2462 conciti.

298 2477 362 2528 Cod.
380 2479 412 2528 Β.
431 2493 575 2543 perperam
591 2478 731 2528 interserit
749 2494 828 2543 quam.

296 2553 418 2612 auctoque
436 2548 467 2595 B.
488 2550 515 2595 et
531 2545 675 2596 Baronius.

297 2622 322 2664 et
338 2615 419 2664 noeirs
438 2614 469 2662 Β.

254 2681 278 2744 1)
298 2681 340 2732 Cf.
360 2697 441 2747 supra
459 2683 481 2731 Ι.
500 2684 565 2732 nota
583 2681 607 2730 2.
629 2707 664 2717 -
689 2681 721 2730 In
740 2684 831 2731 nostro
850 2680 918 2730 Cod.
938 2697 1005 2732 sem·

202 2765 251 2816 per
269 2755 384 2816 apparet
401 2749 537 2814 scriptura
554 2749 683 2799 Fabianis.
720 2747 785 2798 cod.
798 2748 829 2796 B.
842 2748 941 2798 scribit
958 2751 1020 2799 Fa·

202 2820 296 2875 viauia
314 2819 354 2868 ita
373 2821 401 2867 et
417 2817 497 2880 Pea.;
515 2815 645 2867 Velserus
664 2817 756 2867 Castra
773 2817 898 2866 Fabiana.
922 2817 1006 2868 Baro-

202 2886 262 2935 nius
279 2887 416 2937 Fabianus.

251 2951 277 3018 2)
296 2951 535 3004 demonstrativum
552 2952 623 3002 buius
640 2953 671 3002 Β.

252 3019 278 3085 3)
297 3023 380 3087 affore
398 3021 467 3086 legit
483 3021 515 3071 B.
538 3021 644 3084 adferre
660 3019 803 3072 Baronius.
1041 2999 1042 3054 l
