2154 3678
355 265 389 273 -
436 249 588 320 XVII!-

56 383 135 434 XIV.
156 383 200 432 De
213 381 333 432 mirabili
345 384 490 433 sanatione
500 383 621 434 mulieris
632 385 803 450 desperatae,
818 331 871 386 Peg.

94 483 170 532 quae
191 471 255 532 post
275 468 419 517 immanem
437 468 624 533 diutinumque
645 469 820 536 languorem

91 556 136 603 ita
160 554 213 604 viri
233 553 288 602 Dei
310 553 431 602 oratione
455 553 607 617 convaluit,
633 559 663 604 ut
682 555 717 604 ad
737 571 804 621 opus

30 709 31 714 1
93 637 195 704 agrale
208 638 253 688 die
265 638 347 688 tortio
360 638 438 688 fortis
452 640 602 708 accesserit
626 676 803 692 .....
839 640 872 691 36

57 742 117 791 XV.
138 740 372 802 Quemadmodum
393 741 422 789 in
442 741 550 812 baiulos
570 746 664 807 postes
686 759 702 792 a
725 747 804 807 perte

92 826 217 875 fluminis
242 824 390 876 ecclesiam
415 830 613 890 sustentantes,
639 842 708 893 quas
733 843 804 892 aqua

93 927 182 976 saepe
193 910 361 976 superfluens
370 912 594 976 transcendebat,
602 904 804 964 oransDeiser-

30 1059 31 1062 Ἴ
91 1011 146 1046 vus
165 995 255 1046 crucis
269 995 440 1060 signaculum
454 998 543 1047 securi
554 998 715 1064 scalpserit,
734 998 804 1062 quod

94 1082 207 1148 signum
221 1080 351 1146 deinceps
361 1097 438 1145 ¹aqua
454 1084 564 1147 penitus
581 1099 636 1134 non
653 1083 806 1134 excedebat
839 1081 870 1133 37

58 1185 134 1234 XVI.
155 1185 198 1233 De
212 1181 318 1234 Sileno
330 1183 493 1248 presbytero
506 1185 649 1248 defuncto,
669 1185 745 1236 cuins
758 1202 804 1236 ca·

94 1268 184 1319 daver
196 1268 298 1318 feretro
311 1268 466 1334 impositum
480 1268 628 1320 celebratis
639 1274 721 1320 nocte
732 1270 803 1335 vigi-

94 1354 143 1404 liis
164 1369 226 1404 mox
248 1353 282 1403 ad
304 1369 402 1402 vocem
423 1355 550 1404 vocantis
572 1356 679 1418 aperuit
700 1354 802 1418 oculos,

95 1452 198 1504 rogans
215 1439 268 1487 Dei
286 1437 434 1500 famulum,
455 1453 507 1502 quo
518 1443 637 1488 vocante
654 1440 802 1502 revixerat,

96 1540 132 1573 ne
145 1522 260 1574 ulterius
274 1523 391 1587 experta
400 1523 494 1587 requie
506 1524 662 1588 privaretur
709 1559 716 1572 .
752 1564 758 1576 .
795 1561 802 1574 .
838 1523 871 1574 39

61 1626 151 1675 XVII.
171 1626 260 1686 Quam
272 1624 394 1675 sollicita
407 1626 574 1691 pauperibus
588 1641 653 1676 cura
667 1626 804 1676 ministra-

96 1710 180 1768 verit,
202 1709 247 1761 vel
261 1711 331 1774 quod
344 1711 530 1761 distributioni
543 1712 602 1762 eius
615 1712 699 1761 etiam
710 1712 804 1762 Norici

98 1795 257 1860 dirigebant
273 1794 407 1855 decimes,
430 1797 528 1860 quibus
545 1795 578 1846 de
595 1813 669 1848 more
686 1797 802 1862 perlatis

98 1880 249 1946 periculum
262 1880 320 1942 his,
334 1881 379 1944 qui
392 1881 511 1948 dirigere
525 1881 701 1944 distulerant,
715 1883 801 1930 immi-

98 1963 314 2029 nerepraedixit
360 2000 800 2016 ...........
836 1967 867 2016 ll

64 2059 165 2110 XVIII.
185 2058 416 2120 Quemadmodum
440 2059 548 2123 rubigo,
575 2075 645 2123 quae
669 2059 803 2110 messibus

99 2146 224 2194 nocitura
241 2149 382 2208 paruerat,
406 2160 455 2209 per
472 2144 559 2194 virum
576 2145 630 2193 Dei
647 2143 759 2195 ieiuniis
776 2149 804 2194 et
864 2153 870 2168 ¹

100 2228 222 2279 oratione
236 2227 350 2292 depulsa
363 2228 398 2277 sit
448 2263 716 2282 .......
747 2267 758 2280 ..
796 2270 802 2282 .
838 2230 870 2281 43

30 2295 31 2320 ³
65 2322 138 2372 XIX.
157 2321 235 2384 Quod
248 2321 397 2385 Gibuldus,
411 2321 622 2372 Alamannorum
634 2339 695 2388 rex,
711 2295 803 2375 coram

100 2407 237 2458 servoDoi
247 2422 347 2472 magno
360 2407 396 2456 sit
408 2410 525 2458 tremore
538 2423 694 2472 concussus,
706 2414 734 2460 ct
746 2411 804 2460 red·
845 2445 846 2450 η

101 2492 168 2563 didit
180 2491 382 2542 multitudinem
396 2493 566 2558 captivorum
579 2529 802 2546 ......
838 2494 870 2544 43

68 2597 125 2646 XX·
144 2592 282 2656 Quomodo
301 2595 328 2643 ei
345 2593 463 2645 militum
480 2594 564 2646 fuerit
580 2596 744 2648 intervectio
761 2612 803 2646 re·

100 2680 206 2740 velata,
233 2683 345 2745 propter
368 2695 480 2745 quorum
504 2696 619 2745 corpora
642 2681 804 2746 sepeIIenda

102 2780 162 2816 suos
174 2765 332 2830 ignorantes
345 2765 444 2816 direxit
457 2766 491 2816 ad
504 2767 614 2816 fluvium
666 2801 673 2815 .
709 2801 716 2816 .
753 2800 760 2815 .
796 2803 802 2816 .
838 2768 871 2817 45

70 2869 139 2918 XXI.
158 2865 304 2918 Paulinum
320 2869 521 2933 presbyterum,
541 2868 636 2933 quide
654 2868 803 2934 longinquo

104 2952 137 3002 ad
149 2969 208 3004 eum
221 2958 342 3016 venerat,
352 2956 535 3004 revertentem
545 2953 579 3002 ad
587 2954 716 3018 patriam,
724 2969 802 3019 pras·
820 2935 827 2946 ⁴

104 3037 271 3090 disitNorIci
284 3027 440 3104 epIscopum
453 3039 630 3090 ordinandum
665 3076 671 3088 .
708 3075 714 3089 .
752 3075 759 3090 .
796 3077 802 3089 .
837 3039 871 3089 46

111 3137 175 3174 vm
192 3140 214 3175 s.
235 3137 377 3174 snunnrrrr.
702 3140 718 3173 a
