2154 3678
377 257 588 316 „51-

138 403 245 462 XXV.
275 402 398 462 Deinde
424 402 547 483 quidam
569 403 607 462 rie
632 404 758 478 Norico,
785 405 884 464 Maxi-

71 483 174 566 mus¹)
190 489 321 563 nomine,
334 509 455 548 servum
464 489 525 547 Dei
535 489 731 568 frequentare
744 491 850 549 solitus
858 486 884 566 ²)

72 593 144 632 eum
162 574 302 632 venisset
318 581 348 632 et
361 576 416 652 pro
430 574 645 646 familiaritate,
663 594 753 654 quam
769 595 884 634 merue-

70 668 123 717 rat
151 659 183 716 in
207 660 389 718 monasterio
417 660 516 717 saneti
549 659 608 717 viri
638 659 744 717 diebus
770 661 887 739 aliquo't

71 753 255 814 moraretur,
289 745 354 802 eius
386 743 565 803 informatur
595 745 725 802 oraculis
757 747 886 823 patriam

71 847 162 886 snam
176 847 270 905 grave
284 837 412 906 repente
420 822 582 887 'excidium
590 824 616 905 3)
626 828 801 890 subituram.
825 828 887 905 Qui

73 914 213 990 acceptis
228 913 339 971 litteris
356 913 394 970 ad
411 912 442 972 S.
461 913 626 973 Paulinum
648 914 822 993 episcopum
839 934 886 971 or-

73 992 236 1075 dinatis4),
259 998 408 1056 remeavit
422 999 593 1057 instantius.
627 999 726 1076 Igitur
739 1018 885 1057 memora-

71 1091 123 1141 tus
138 1082 266 1142 antistes
282 1082 449 1141 litterarum
462 1091 569 1142 tenore
593 1091 796 1163 perstructus,
819 1085 886 1142 uni·

43 1193 47 1202 ¹
71 1186 165 1226 versa
181 1165 331 1226 dioecesis
339 1164 365 1245 ⁵)
380 1187 453 1227 snae
470 1167 599 1226 castella
615 1169 736 1248 seriptis
757 1168 886 1247 propriis

71 1252 274 1310 vehementer
285 1251 450 1326 admonuit,
463 1261 497 1310 ut
512 1251 651 1310 triduano
667 1253 790 1326 ieiunio,
804 1252 887 1332 quod

72 1337 197 1395 litterae
219 1337 278 1394 viri
300 1337 362 1396 Dei
385 1338 596 1414 signaverant,
620 1338 720 1410 exitio,
736 1346 886 1396 venturae

74 1421 173 1480 eladis
194 1430 395 1480 occurrerent.
427 1420 544 1498 Quibus
559 1423 641 1479 iussa
656 1421 886 1500 complentibus,

73 1507 237 1564 terminato
258 1507 372 1565 ieiunio
394 1525 468 1564 ecee
484 1507 723 1564 Alamannorum
742 1507 885 1585 copiosis·

74 1591 152 1649 sima
172 1589 332 1648 multitudo
354 1590 492 1649 feraliter
519 1599 628 1648 cuncta
649 1591 790 1649 vastavit.
828 1589 885 1649 Oa-

74 1676 168 1734 stella
182 1694 256 1733 vero
271 1675 387 1734 nullum
407 1695 531 1734 sensere
546 1675 730 1754 perieulum,
746 1694 827 1756 quae
840 1675 885 1734 lo·
922 1674 924 1683 '

73 1766 140 1819 rica
154 1759 254 1818 fidelis
268 1761 375 1819 ieiunii
392 1768 422 1819 et
442 1759 598 1818 laudanda
615 1761 713 1820 sordis
732 1761 886 1819 humilitas

72 1865 129 1924 per
148 1846 246 1904 virum
266 1845 478 1923 propheticum
485 1841 510 1922 6)
527 1845 674 1906 adversus
694 1847 826 1905 hostium
841 1845 886 1904 fe·

73 1932 190 1989 roeiam
204 1928 336 1988 fidenter
350 1938 531 1989 armaverat.

137 2013 259 2072 XXVI.
284 2015 359 2073 Post
379 2015 456 2074 haee
470 2015 609 2091 leprosus
631 2013 753 2094 quidam
768 2012 886 2072 Medio·

73 2094 204 2175 lensis1)
226 2100 371 2172 territorii
392 2099 430 2157 ad
453 2097 485 2158 S.
502 2097 697 2170 Severinum,
719 2097 800 2156 fama
821 2099 885 2156 eius

72 2187 236 2256 invitante,
253 2192 447 2262 porrexerat:
464 2185 545 2244 hune
561 2183 700 2242 sanitatis
708 2177 734 2261 2)
749 2182 887 2242 remedia

174 2435 331 2486 Maximinus
348 2437 382 2486 B.
619 2479 626 2487 .

175 2503 240 2554 Cod.
254 2505 285 2553 B.
306 2519 405 2554 novam
423 2504 522 2570 incipit
540 2506 706 2569 sententiam
723 2505 776 2554 hoe
793 2503 886 2554 modo:

173 2709 312 2771 designatis
329 2707 361 2757 B.

173 2778 303 2826 uniamus
321 2777 451 2826 dioeceses
467 2776 499 2826 B.

173 2843 244 2892 haee
262 2844 317 2892 tria
335 2843 421 2894 rerba
436 2859 486 2908 per
503 2846 581 2894 nimam
598 2842 771 2906 propheticum
789 2841 886 2890 desunt
