2154 3678
494 151 702 210 „74-

194 308 256 359 ster
272 297 459 375 simplicibus
467 294 492 376 8)
508 299 741 379 appropinquat.
767 299 838 356 Nou
855 298 934 358 desit
950 301 1003 358 nri·

192 382 350 443 litantibus
366 384 433 441 Deo
443 380 471 460 9)
488 385 567 460 iugis
582 384 694 459 orati03
718 405 779 442 non
791 385 896 462 pigeat
912 403 1003 462 agere

191 469 421 547 poenitentiam,
437 464 576 547 qusm¹⁰)
592 489 652 526 non
667 469 777 548 puduit
792 469 912 527 futinus
934 489 1003 547 per-

192 561 330 632 petraro;
353 573 414 611 non
436 550 626 630 dubitetis¹¹)
649 554 755 630 lugere
777 562 958 632 peceanteS,
979 555 1004 612 si

194 657 252 717 quo
271 637 359 696 modo
375 639 490 696 offensa
507 634 700 715 divinitas¹²)
719 648 888 698 vestrarum
904 638 1003 718 laery-

192 743 307 782 marum
319 722 518 781 inundatione
530 723 684 802 placetur,
700 724 773 804 quia
782 724 921 803 spiritum
934 743 1004 783 oon·
1056 727 1057 750 ³

193 808 380 880 tribulatum,
390 827 476 866 sunm
488 807 683 884 estdignatus
692 827 804 867 vocare
812 808 1002 867 sucrificium.

193 891 293 951 Simus
316 893 408 969 igitur
431 891 522 951 eorde
543 891 688 964 humiles,
710 903 809 952 monte
837 893 1004 973 tranquilli,

194 975 307 1034 deliota
324 977 425 1034 omnia
440 986 671 1053 praecaventes,
690 998 726 1036 ao
742 977 913 1036 divinorum
926 998 1004 1038 sem·

192 1079 248 1138 per
259 1079 407 1120 memores
419 1059 637 1136 mandatorum,
646 1063 779 1122 scientes
790 1082 851 1121 non
858 1062 1005 1140 prodesse

191 1145 282 1204 nobis
303 1144 504 1204 humilitatem
519 1140 556 1222 13)
579 1147 689 1218 vestis,
720 1167 830 1206 nomen
853 1147 1003 1217 monaehi,

192 1228 375 1288 vocabulum
390 1231 557 1308 religionis,
574 1233 708 1310 speeiem
722 1232 855 1309 pietatis,
878 1232 905 1290 si
922 1232 1005 1291 oiroa
1056 1239 1057 1244 ’

193 1314 403 1374 mandatorum
430 1316 656 1374 observantiam
683 1316 851 1394 degeneres
885 1318 1005 1375 inveni·

193 1394 304 1476 muru)
322 1409 352 1458 et
365 1401 495 1479 reprobi.
514 1402 614 1460 Mores
632 1403 740 1478 igitur,
757 1401 813 1460 filii
828 1397 935 1478 mei¹5)
954 1421 1006 1460 oa-

192 1485 313 1556 rissimi‚
334 1487 488 1564 proposito
505 1495 648 1564 suscepto
662 1487 869 1544 consentiant:
887 1486 1006 1562 grando

193 1570 281 1628 nefas
311 1578 358 1628 est
387 1580 517 1646 peccato
545 1571 655 1630 sectari
685 1565 822 1648 eriamffi)
853 1570 1007 1630 hominem

194 1652 377 1725 secularem,
401 1663 514 1733 quanto
536 1657 635 1732 magis
650 1655 828 1727 monachos,
844 1656 896 1735 qui
918 1654 1006 1714 blan-

195 1736 328 1796 dimenta
362 1738 478 1797 saeculi
508 1740 595 1819 quasi
631 1747 763 1799 atrocem
794 1739 926 1798 bestiam
960 1741 1006 1799 fu·
1056 1789 1057 1792 η

194 1823 328 1900 giontes‚
358 1821 509 1883 Christum
533 1827 649 1884 cunetis
671 1823 831 1884 affectibus
850 1825 1007 1903 praetule·

193 1915 279 1982 runt,
302 1927 429 1986 quorum
447 1911 585 1968 incessus
607 1918 638 1969 et
657 1909 778 1968 habitus
796 1909 918 1969 virtutis
941 1929 1006 1968 oro·
1056 1939 1057 1974 3

195 1992 275 2050 ditur
298 2012 366 2052 esso
394 1992 628 2054 documentum?
669 1992 733 2054 Sed
756 1993 829 2072 quid
849 2014 906 2054 vos
926 1995 1009 2053 ultra

196 2077 348 2150 demoror,
366 2078 422 2136 filii
439 2080 497 2139 mei
515 2080 671 2152 carissimi,
692 2080 846 2157 proposito
861 2089 1007 2158 suscepto

194 2160 278 2238 longi
294 2165 438 2221 sermonis
455 2161 571 2226 affatu?
605 2165 753 2243 Superest
768 2171 802 2222 ut
822 2165 904 2223 beati
921 2165 1006 2242 Apo-

244 2326 261 2376 8
292 2329 447 2392 supplicibus
464 2329 497 2378 Β.

244 2394 260 2444 9
292 2397 347 2444 Deo
366 2395 468 2445 excidit
485 2397 514 2446 in
532 2398 562 2447 B.

230 2461 274 2528 10)
294 2478 356 2528 quos
372 2464 405 2513 Β.

230 2529 274 2587 ll)
291 2533 379 2595 pigeat
396 2531 427 2580 Β,

230 2595 274 2662 12)
292 2600 391 2663 offensa
413 2601 492 2650 divini
512 2601 598 2650 iudicii
620 2604 785 2666 lacrymarum
807 2608 949 2652 vestrarum
968 2605 1008 2651 in-

193 2667 330 2716 undatione
344 2667 512 2731 planetarii.
531 2664 645 2732 (offensa
662 2668 857 2734 substantive).

230 2732 270 2796 13)
290 2750 343 2784 oum
362 2735 498 2785 humilitate
516 2736 549 2784 B.

230 2800 275 2864 14)
292 2803 446 2852 inveniamur
457 2803 489 2852 B.

231 2867 271 2928 15)
289 2872 338 2920 mei
355 2870 458 2920 excidit
475 2871 504 2919 in
521 2871 552 2920 B.

231 2933 274 2999 16)
292 2940 367 2987 etiam
385 2953 437 2987 om.
456 2939 488 2987 B.
