2154 3678
478 227 686 290 -58-

175 377 317 436 immanis
343 375 530 436 crudelitatis
560 383 668 455 coepta
696 374 859 436 desereret.
895 375 993 434 Haec

174 482 230 541 per
241 458 473 540 quadrubium3)
484 470 685 531 contestatus,
706 460 993 539 advesperascente

175 549 234 605 iam
251 547 310 617 die,
326 547 490 606 Valentem
506 546 643 617 nomine,
663 545 843 604 monachum
860 545 992 604 mittens

176 631 215 690 ad
227 631 263 691 S.
278 630 507 691 Constantinum
524 629 658 690 eiusdem
674 630 736 688 loci
747 630 938 701 Pontificem,
957 639 993 690 ct

175 716 215 775 ad
225 725 364 776 caeteros
376 710 652 793 commonentes4):
672 714 992 794 „Hac,inquit,n0cte

175 800 330 881 dispositis
346 821 401 881 per
415 821 514 860 muros
529 821 569 860 ex
584 819 666 858 more
681 800 794 876 vigiliis
819 799 992 859 districtius

175 885 340 958 excubate,
364 884 609 962 supervenientis
631 884 726 944 hostis
749 893 893 944 caventes
912 884 991 943 insi-

176 970 272 1031 dias.“
304 971 347 1027 At
363 969 410 1027 illi
426 970 503 1028 nihil
520 968 643 1039 adversi
658 965 903 1047 exploratores⁵)
917 989 991 1028 sen·

175 1056 233 1113 tire
260 1073 293 1112 se
318 1054 439 1132 penitus
462 1048 687 1131 ignorabantl).
717 1051 779 1112 Sed
804 1053 917 1113 Christi
940 1054 991 1112 fa-

174 1138 273 1198 mulus
282 1133 308 1214 ⁷)
329 1157 529 1215 praemonere
552 1157 613 1196 non
637 1136 796 1213 desinens,
818 1137 990 1201 dubitanti-

174 1223 230 1282 bus
256 1242 332 1282 voce
358 1242 469 1300 magna
492 1221 658 1294 clamabat,
680 1223 795 1282 ⁴eadem
814 1231 904 1282 nocte
931 1243 990 1283 eos

176 1327 316 1367 asserens
333 1301 517 1387 capiendos,
539 1308 598 1366 nisi
615 1308 748 1386 imperiis
765 1307 897 1367 fideliter
913 1307 990 1366 obe-

175 1392 289 1466 dirent,
312 1393 435 1470 saepius
453 1402 613 1473 repetens:
640 1393 733 1464 „Me,
756 1393 869 1472 inquit,
892 1413 942 1450 me
960 1394 990 1452 si

173 1479 318 1536 mentitus
345 1477 449 1549 fuero,
478 1473 685 1556 lapidatefl).“
722 1477 832 1556 Itaque
858 1476 990 1536 tandem

175 1561 341 1641 aliquando
363 1564 455 1623 muris
479 1563 643 1639 invigilare
666 1562 829 1640 compulsi,
859 1561 991 1640 expleta

175 1647 312 1706 consueti
331 1647 431 1724 operis
459 1647 490 1704 in
513 1648 610 1705 noetis
632 1647 782 1724 principio
802 1645 988 1724 psalmodia,

176 1751 243 1789 cum
265 1729 461 1789 celeberrimo
483 1732 655 1808 coepissent
676 1731 805 1808 vigilare
824 1750 988 1803 concursu,

175 1835 303 1874 acervus
324 1815 406 1873 foeni
425 1816 561 1874 cominus
580 1816 712 1894 positus,
733 1812 870 1892 facula⁹)
890 1814 990 1874 baiuli

174 1899 306 1960 nolentis
323 1919 479 1971 accensus,
496 1901 598 1959 lumen
612 1920 673 1959 non
688 1900 863 1960 incendium
880 1899 989 1960 reddi-

175 1983 220 2043 dit
238 1985 364 2045 oivitati.
393 1984 462 2063 Qua
477 1985 637 2046 occasione
653 1984 895 2045 vociferantibus
911 2004 988 2044 cun-

175 2071 247 2140 ctis,
278 2070 382 2129 hostes
408 2071 553 2130 silvarum
581 2070 726 2129 occultati
755 2069 927 2129 nemoribus
937 2067 987 2146 ¹⁰),

174 2154 274 2212 subito
289 2154 453 2234 splendore
469 2155 665 2233 clamoreque
685 2154 854 2232 perterriti,
873 2163 986 2232 putan-

173 2246 220 2297 tes
235 2259 268 2298 se
286 2241 511 2316 praecognitos,
529 2241 727 2319 quieverunt,
744 2259 781 2298 ac
796 2258 884 2298 mane
899 2241 984 2298 facto

174 2322 396 2383 circumdantes
414 2326 569 2383 civitatem
585 2333 615 2384 et
633 2323 747 2403 ubique
769 2323 985 2396 discurrentes,

224 2537 250 2601 3)
269 2541 377 2589 triduum
394 2540 426 2588 B.
446 2543 605 2605 quatriduum
622 2542 695 2592 Bell.

223 2607 250 2668 4)
269 2614 450 2658 commanentes
467 2608 498 2658 B.

223 2674 250 2738 5)
270 2679 335 2726 ante
353 2679 534 2740 exploratores
551 2677 692 2728 interserit
706 2693 758 2742 per
775 2678 806 2728 B.

224 2741 251 2806 6)
269 2743 433 2807 affirmabant
445 2743 476 2793 B.

226 2810 252 2870 7)
270 2827 365 2874 praeco
383 2811 415 2860 B.

223 2876 249 2938 8)
269 2878 321 2940 Me,
341 2881 429 2944 inquit,
448 2880 570 2943 lapidate,
589 2881 613 2929 εἰ
629 2882 745 2930 mentitus
760 2880 837 2943 fuero
856 2881 887 2930 B.

223 2943 250 3006 9)
269 2953 304 2995 ecc'
320 2947 407 3007 facrela
424 2947 455 2995 B.

210 3009 250 3076 10)
269 3016 434 3064 occultatione
452 3022 579 3064 morantes
596 3014 628 3063 B.
