2154 3678
503 257 714 316 ..22-

205 407 266 484 Qui
283 426 350 464 eum
365 407 421 464 tali
436 407 586 464 animatus
594 401 620 480 ⁷)
641 404 764 463 oraculo
789 405 888 463 laetus
910 405 1019 464 absce-

205 491 301 564 deret,
323 492 441 568 perlate
464 489 537 561 sibi,
561 489 643 569 quod
662 489 752 547 turba
771 489 1020 549 latrocinantium
1075 515 1076 522 ¹

203 572 436 656 barbarorum8)
451 575 570 653 aliquos
587 576 774 654 captivasset
793 595 832 634 ex
843 575 956 651 Rugis,
974 577 1020 633 vi·

204 682 271 720 rum
283 662 343 720 Dei
363 662 445 718 misit
458 661 596 737 protinus
612 658 839 718 consulendum.
870 659 932 736 Qui
949 681 1021 718 san-

205 747 262 804 etis
284 767 353 806 eum
375 744 541 817 mandatis,
569 765 607 804 ne
631 743 802 823 praedones
828 753 1021 823 sequeretur,

203 827 370 909 Domin09)
389 830 563 898 revelante,
586 830 779 907 praemonuit
801 829 923 888 dicens:
956 875 974 902 „
985 830 1021 888 Si

206 935 258 974 eos
275 924 397 975 secutus
416 914 526 983 fueris,
550 914 714 988 occideris;
738 934 814 973 cave
836 934 874 972 ne
897 935 1021 973 amnem

204 1008 359 1072 transeas,
381 1007 413 1057 et
432 998 566 1069 insidiis,
590 1019 669 1077 quae
686 999 740 1057 tibi
757 995 835 1077 in¹⁰)
855 998 953 1058 tribus
970 1000 1018 1057 lo-

205 1086 248 1142 cis
264 1093 389 1160 paratae
409 1093 491 1153 sunt,
513 1083 683 1160 improvida
698 1093 781 1142 ment
784 1104 800 1142 e
819 1083 1020 1159 succumbas3

204 1187 276 1226 nam
291 1170 351 1226 cito
366 1168 489 1227 nuntius
506 1166 606 1226 fidelis
622 1167 766 1226 adveniet
755 1169 851 1248 t,qui
868 1178 898 1227 te
916 1169 1020 1227 dehis
1075 1198 1076 1254 q

205 1253 342 1311 omnibus
365 1247 526 1329 efficiat¹¹)
551 1253 719 1311 certiorem.
724 1256 740 1284 “
771 1253 859 1311 Tunc
881 1255 1021 1332 captivo·
1075 1259 1076 1329 l

203 1358 269 1396 rum
285 1337 343 1397 duo
361 1337 422 1396 ab
414 1339 487 1416 ipsis
502 1337 633 1396 hostium
649 1336 770 1396 sedibus
786 1338 958 1414 fugienteS,
982 1359 1023 1397 ea

203 1443 260 1502 per
281 1422 417 1482 ordinem
437 1419 620 1494 retulerunt,
651 1442 731 1502 quae
754 1423 834 1481 beat
813 1425 947 1481 tissimus
971 1423 1021 1480 vir

206 1507 326 1566 Christo
354 1509 411 1567 sibi
437 1509 595 1567 revelante
619 1503 880 1586 praedixerat¹²).
920 1509 1023 1584 Igitur

203 1593 356 1650 frustratis
387 1593 507 1652 insidiis
533 1591 768 1664 adversantium,
800 1592 1021 1654 Flaccithaeus

204 1677 400 1736 incrementis
419 1687 527 1736 auctus
543 1677 801 1755 prosperioribus,
817 1678 910 1737 vitam
926 1680 1022 1738 rebus

203 1761 450 1839 tranquilissimis
464 1763 648 1820 terminavit.

271 1846 326 1903 VI.
349 1845 424 1904 Post
439 1846 515 1904 haec
528 1856 628 1905 autem
646 1846 770 1927 quidam
779 1847 885 1923 Rugus
903 1867 1023 1924 genere

204 1949 374 2008 perennes
401 1929 562 1990 duodecim
583 1932 756 1990 incredibili
778 1933 890 1990 ossium
912 1931 1023 1990 dolore

208 2017 370 2089 contritus,
395 2017 475 2074 omni
493 2026 632 2075 caruerat
647 2017 854 2075 incolumitate
870 2015 1022 2074 membro-

204 2119 278 2174 rum,
291 2102 375 2159 euius
392 2102 542 2160 cruciatus
555 2100 766 2172 intolerabilis,
780 2101 1022 2180 circumquaque

204 2185 315 2244 vicinis
332 2186 430 2243 factus
446 2194 512 2243 erat
526 2187 593 2264 ipsa
608 2184 807 2243 diuturnitate
829 2185 1020 2244 notissimus.

205 2269 316 2347 Itaque
329 2270 406 2327 nihil
417 2271 597 2347 proficiente
611 2268 788 2329 diversitate
800 2269 937 2340 remedii,
949 2279 1022 2328 tan·

208 2353 276 2410 dem
297 2351 391 2410 vidua
415 2363 510 2412 mater
537 2353 576 2411 ad
602 2363 740 2413 sanctum
760 2356 858 2413 virum
878 2355 1024 2414 vehiculo

260 2569 286 2635 7)
305 2573 445 2621 admonitus
463 2570 494 2620 Β.

256 2637 282 2700 8)
302 2638 415 2688 eous.
434 2628 519 2687 halet
538 2647 564 2688 et
580 2639 699 2702 barbari,
720 2639 786 2690 Cod.
805 2639 837 2689 A.
857 2641 954 2690 melius
973 2656 1020 2689 re-

206 2706 262 2755 fert
279 2706 444 2757 tartarorum
463 2706 498 2755 ad
516 2710 727 2757 latrocinantium.

256 2772 282 2839 9)
301 2775 350 2823 sihi
368 2774 430 2824 add.
448 2774 480 2823 B.

241 2839 282 2904 10)
303 2844 328 2890 in
346 2858 398 2892 om.
417 2842 450 2891 Β.

242 2907 283 2968 ΙΙ)
304 2908 369 2959 Cod.
387 2910 420 2958 B.
441 2907 564 2958 absolute
583 2910 686 2972 efficiet.

241 2975 282 3037 1⁶2)
303 2977 334 3024 ln
353 2977 417 3026 Cod.
436 2977 467 3025 B.
487 2977 574 3025 forma
592 2978 718 3041 passiva:
747 2993 812 3042 quus
834 2995 851 3028 a
873 2979 1019 3028 beatissimo

205 3047 259 3094 utro
281 3078 350 3094 ....
370 3053 443 3093 erunt
459 3047 606 3108 praedicto.
