2154 3678
499 263 706 324 -12-

202 413 288 471 iuxta
310 413 519 490 evangelicam
545 412 803 492 apostolicamque
831 410 1019 484 doctrinam,

203 498 283 555 omni
303 498 444 556 castitate
467 505 499 556 et
518 498 632 574 pietate
647 495 817 574 praeditus,
842 497 873 554 in
889 496 1018 555 confes·

203 583 289 641 sione
318 582 488 642 catholicae
515 579 589 640 fidei
617 580 793 640 venerabile
822 582 1020 659 propositum

203 667 315 726 sanctis
341 666 482 745 operibus
505 664 698 744 adimplebat.
743 667 824 724 Dum
847 685 918 742 ergo
940 666 1019 724 tali-

203 750 259 810 bus
278 751 433 830 enercitiis
455 749 613 809 roboratus
635 749 764 828 palmam
784 758 934 829 supernae
959 770 1018 810 vo-

204 837 330 895 cationis
344 836 475 895 innocue
490 844 678 914 sequeretur,
692 832 822 915 quadarn
840 834 889 893 die
905 833 947 893 ad
963 854 1018 894 ec-

203 920 327 979 alesiam
350 920 500 998 processit
526 939 565 978 ex
594 939 690 978 more:
713 928 785 978 tunc
810 919 1019 998 presbyteris,

205 1006 284 1064 clero
300 1004 355 1074 vel
368 1003 484 1063 civibus
496 998 520 1080 6)
540 1004 704 1083 requisitis,
728 1004 829 1082 coepit
848 1011 912 1062 tota
924 1023 1017 1062 men·

202 1091 241 1148 tis
258 1087 427 1146 humilitate
443 1086 639 1166 praedicere,
655 1097 688 1146 ut
702 1096 826 1166 propter
835 1083 860 1165 ⁷)
877 1088 1018 1148 hostium

203 1172 330 1231 insidias
354 1172 542 1231 imminentes
564 1172 749 1231 orationibus
772 1191 808 1230 ac
831 1173 954 1231 ieiuniis
981 1181 1018 1232 et

203 1255 428 1316 misericordiae
464 1256 610 1316 fructibus
648 1256 841 1316 inhaererent
853 1251 889 1334 8).
947 1256 1017 1316 Sed

203 1342 295 1400 animi
318 1349 512 1400 contumaces
533 1361 569 1400 ac
593 1340 753 1401 desideriis
777 1341 948 1401 carnalibus
965 1342 1015 1399 in·
1054 1343 1055 1358 ¹

206 1426 324 1501 clinati,
352 1424 556 1505 praedicentis
585 1426 706 1486 oracula
728 1421 917 1486 infidelitatis
935 1445 1016 1486 suae

204 1510 378 1570 discrimine
401 1510 613 1590 probaverunt.
653 1510 798 1570 Famulus
822 1519 923 1569 antem
949 1510 1015 1570 Dei

203 1612 344 1654 reversus
360 1594 400 1653 ad
414 1595 594 1675 hospitium,
615 1615 673 1675 quo
690 1595 728 1655 ab
745 1595 894 1654 ecclesiae
909 1595 1016 1654 fuerat

204 1678 329 1738 custode
350 1688 522 1759 susceptus,
548 1680 628 1740 diem
653 1687 683 1738 ct
702 1679 807 1739 horam
826 1680 1015 1738 imminentis

204 1763 317 1822 excidii
332 1761 515 1842 prodens⁹):
537 1764 595 1836 „de
617 1765 795 1837 contumaci,
820 1764 872 1836 ait,
898 1763 1014 1842 oppido

204 1856 234 1906 et
253 1847 311 1906 cito
320 1842 357 1924 ¹⁰)
378 1847 511 1925 perituro
528 1848 656 1908 festinus
673 1848 837 1908 abscedo.“
871 1847 948 1907 Inde
972 1848 1015 1907 ad
1056 1845 1057 1860 ¹

202 1932 372 2012 proximum
396 1932 490 2012 quod¹
507 1932 717 2011 Commagenis
731 1928 770 2010 ¹¹)
798 1931 1014 2012 appellabatur

204 2016 349 2097 oppidum
365 2016 541 2078 declinavit.
574 2018 644 2077 Hoc
658 2017 854 2078 barbarorum
870 2017 1013 2076 intrinse-

205 2122 257 2161 cus
281 2103 527 2175 consistentium,
560 2102 611 2182 qni
637 2123 704 2162 cum
726 2100 872 2162 Romanis
901 2101 1013 2161 foedus

203 2181 389 2264 inieruntffl),
406 2187 545 2247 custodia
559 2186 737 2248 servabatur
752 2187 928 2261 arctissima,
942 2185 1012 2246 nul-

257 2436 283 2499 6)
303 2436 369 2487 eod.
388 2439 421 2488 B.
438 2437 599 2504 presbytero,
618 2440 686 2488 clero
705 2442 759 2488 etc.

201 2505 208 2524 '
259 2503 285 2568 7)
301 2512 413 2569 propter
425 2506 532 2566 om.B.;
551 2508 595 2554 ast
611 2506 771 2555 necessaria
789 2510 831 2556 est
847 2503 917 2554 haec
929 2519 1010 2570 prae-

204 2572 306 2637 positio
325 2572 360 2621 ad
378 2571 561 2637 intelligenda
581 2587 622 2635 ea,
643 2587 712 2636 quas
731 2576 887 2638 sequuntur.

253 2637 280 2701 8)
299 2640 441 2690 inhiberent
457 2639 489 2688 B.
510 2644 538 2688 et
554 2640 703 2703 Baronius,
728 2654 798 2704 quae
822 2640 1011 2704 discrepantia

205 2705 368 2773 explicanda
392 2711 434 2757 est
456 2706 528 2770 inde,
554 2707 624 2772 quod
642 2712 725 2757 antea
740 2715 850 2772 propter
867 2721 1011 2773 perperam

203 2776 331 2825 omissum
349 2779 400 2825 est.

253 2840 280 2904 9)
298 2842 378 2907 lapsu
397 2840 499 2892 calami
517 2840 628 2892 exhibet
644 2839 677 2892 A.
694 2845 827 2906 prodiens.

238 2907 281 2972 10)
300 2911 373 2960 citius
390 2910 423 2959 B.

238 2975 279 3036 11)
299 2976 463 3041 comagenis
481 2981 548 3042 puta
566 2975 680 3040 Castris,
699 2976 806 3028 Velser.
838 2997 839 3002 ¹

239 3042 280 3108 12)
298 3046 408 3094 inierant
424 3044 456 3094 B.
