2154 3678
385 233 595 293 —25—
666 263 679 284 ο

80 390 173 440 cutus
198 379 393 454 industriam,
421 389 557 441 sanetum
583 383 681 440 virum
707 385 807 462 eoepit
835 404 889 462 pro
920 411 923 416 Δ

79 466 172 542 regui
188 465 235 524 sui
250 465 445 545 frequentare
461 465 643 545 primordiis.
676 467 766 526 Hunc
779 471 891 526 coniux

80 549 189 609 feralis
209 559 239 608 et
251 552 359 623 noxia,
377 552 498 610 nomine
515 547 640 628 Gisa4),
662 571 813 629 sempera
829 553 889 611 cte-

78 635 215 693 mentiae
231 633 374 695 remediis
390 636 575 694 retrahebat.
610 636 697 695 Haec
721 656 791 712 ergo
812 638 890 696 inter
929 641 933 648 '

79 726 207 778 caetera
221 720 391 798 iniquitatis
411 740 485 779 suae
508 721 665 797 contagia,
688 722 777 780 etiam
802 722 889 780 rebe-

79 805 203 882 ptizere
220 804 367 882 quosdam
383 814 428 863 est
443 813 552 863 conata
576 805 755 879 catholicos,
775 805 830 864 sed
852 806 890 864 ob

78 889 190 950 Sancti
205 889 407 959 reverentiam
425 890 578 963 Severini,
605 910 666 948 non
682 892 891 950 consentiente

77 975 163 1045 viro,
187 992 205 1030 a
227 973 376 1050 sacrilega
391 976 569 1053 quantocius
585 975 752 1035 intentione
767 974 889 1034 defecit.

77 1056 890 1138 Romanostamendurisconditionibusaggravans⁵)‚

80 1141 231 1222 quosdam
249 1144 340 1201 etiam
355 1143 497 1202 Danubio
514 1143 640 1202 iubebat
661 1144 782 1203 abduci.
810 1145 891 1204 Nam

78 1246 150 1286 cum
161 1225 293 1304 quadam
308 1226 358 1286 die
372 1229 403 1286 in
419 1229 555 1307 proximo
571 1247 588 1284 a
602 1228 747 1289 Fabianis
759 1230 827 1287 vico
838 1248 890 1287 ve·

77 1312 185 1380 niens,
210 1309 328 1391 aliquos
352 1313 391 1369 ed
417 1333 450 1371 se
472 1311 629 1372 transferri
644 1313 787 1372 Danubio
802 1332 890 1392 prae·

79 1396 217 1473 cepisset
225 1390 266 1472 6),
282 1397 422 1455 vilissimi
438 1396 554 1455 seilicet
568 1397 728 1455 ministerii
744 1398 891 1456 servitute

79 1479 287 1556 damnandos,
312 1480 445 1556 dirigens
474 1480 512 1538 ad
535 1499 601 1538 eam
622 1481 668 1539 vir
685 1482 762 1555 Dei,
785 1491 820 1554 ut
839 1499 891 1540 eos

79 1564 252 1624 dimitteret
264 1565 446 1645 postulabat.
471 1565 585 1624 Verum
599 1564 654 1624 illa
667 1565 785 1624 facibus
804 1566 889 1624 femi-

77 1650 134 1710 nei
149 1649 260 1708 furoris
274 1659 475 1719 exaestuans,
497 1649 641 1708 mandata
661 1652 811 1729 reportari
831 1652 891 1709 ius·

79 1736 124 1794 sit
138 1735 314 1811 asperrima.
356 1779 374 1806 „
384 1732 461 1808 Ora,
476 1735 590 1813 inquit,
606 1735 662 1793 tibi
678 1755 766 1796 serve
782 1737 844 1794 Dei
860 1723 892 1793 iri

78 1831 135 1878 tua
158 1819 270 1877 cellula
294 1819 494 1894 delitescens,
514 1820 608 1878 liceat
628 1820 713 1880 nobis
736 1820 774 1880 de
796 1821 891 1879 servis

77 1905 197 1963 nostris
220 1902 358 1962 ordinare
380 1903 461 1983 quod
483 1904 662 1963 volumus.“
694 1905 782 1963 Haeo
802 1906 892 1980 igitur

80 1988 213 2046 audiens
226 1988 397 2048 homoDei:
422 1987 579 2061 „Confido
594 1990 701 2068 inquit,
718 1991 749 2047 in
760 1990 891 2048 Domino

79 2075 155 2131 Iesu
165 2071 293 2146 Christo,
312 2073 384 2151 quie
398 2074 582 2132 necessitate
599 2073 789 2152 compellitur
797 2069 825 2150 ⁷)
840 2092 891 2131 ex·

78 2157 185 2236 plere,
207 2156 289 2236 quod
310 2177 406 2236 prava
429 2159 587 2217 voluntate
611 2156 760 2236 despexit.
790 2157 892 2216 Velox

77 2244 188 2320 itaque
205 2250 310 2300 secuta
325 2244 491 2320 correptio„
502 2243 664 2321 prostravit
680 2243 794 2302 animos
811 2262 892 2302 arro-

80 2321 239 2404 gantis⁸);
262 2325 410 2406 quosdam
431 2325 511 2386 enitn
531 2328 670 2386 aurifices
686 2326 861 2387 barbarosf
881 2362 891 2373 -

134 2611 162 2673 4)
183 2612 286 2662 GisaB.
305 2611 414 2662 videtur
431 2611 642 2678 praeferendum
661 2612 814 2676 scripturae
825 2611 892 2662 Cod.

80 2681 113 2730 A.
135 2684 163 2728 et
180 2679 294 2729 Beronii
314 2680 380 2729 Giso.

134 2745 162 2810 5)
181 2747 309 2797 mendose
321 2747 445 2811 approbat
457 2747 488 2796 B.

134 2812 163 2878 6)
180 2817 366 2878 praecessisset
382 2813 413 2864 A.

136 2881 163 2942 7)
182 2881 248 2932 Cod.
267 2882 299 2931 B.
318 2881 403 2931 habet
421 2885 590 2946 compelletur.

135 2947 162 3008 8)
181 2951 286 2998 animum
295 2953 438 3013 prostravit
449 2952 595 3014 urroyantis
603 2948 649 3010 B.;
668 2947 763 2998 auinaue
776 2963 814 2998 se.
826 2948 892 2997 mul-

81 3016 195 3082 tiplices
213 3018 352 3082 potentias
371 3017 464 3067 enimi.
