2154 3678
517 293 554 301 -’
594 276 674 318 XVIII
712 291 751 302 ···
801 311 802 314 ,

231 412 318 461 XXII.
351 410 427 472 Quod
452 410 514 460 dum
537 409 671 460 basilicae
698 425 786 460 novae
810 412 972 460 sanctuaria

265 499 473 560 quaererentur,
491 495 562 545 ultro
580 495 635 544 sibi
653 494 679 544 S.
697 496 810 545 Ioannis
825 495 972 560 Baptistae

266 579 486 630 benedictionem
502 581 741 645 praenuntiaverit
754 581 929 630 deferendam
944 587 973 630 et

169 675 172 682 “
265 665 307 715 illi
320 665 418 730 oppido
433 665 537 714 cladem
550 665 710 720 se'absente
724 665 850 724 futuram,
862 665 932 729 quod
941 666 974 714 in

265 750 427 815 baptisterio
450 750 592 814 presbyter
612 749 788 814 vaniloquam
807 751 973 800 interfectus

230 931 334 991 XXIII.
353 928 477 990 Qualiter
490 927 650 976 sanctuaria
661 928 805 993 praedicta
818 929 974 993 susceperit
1032 965 1038 979 .

234 1023 333 1072 XXIV.
351 1023 394 1071 De
404 1020 576 1082 mansoribus
586 1020 701 1070 alterius
712 1021 812 1085 oppidi,
826 1023 872 1085 qni
881 1027 973 1086 spreto

267 1105 403 1156 mandatis
426 1104 537 1154 oraculo
558 1121 620 1155 mox
642 1106 676 1154 ab
698 1106 810 1156 Herulis
831 1107 974 1158 interlecti

267 1195 337 1273 sunt,
353 1191 416 1255 qnia
428 1189 518 1239 locum
531 1190 696 1254 praemoniti
709 1190 864 1255 relinquere
878 1192 973 1241 nolue-

267 1280 329 1324 runt
358 1311 667 1326 ........
672 1305 674 1310 ,
704 1312 972 1329 .......

233 1369 317 1418 XXV.
337 1369 567 1430 Quemadmodum
580 1368 727 1418 desitnatis
742 1369 775 1419 ad
785 1371 914 1420 Noricum
928 1386 974 1420 ca-

268 1454 350 1504 stella
367 1455 479 1518 ieiuniis
498 1459 581 1519 atque
599 1454 782 1519 eleemosynis
802 1457 974 1520 praemunie-

268 1539 314 1601 rit,
328 1539 424 1602 quibus
437 1541 633 1604 praenuntiata
646 1540 733 1590 hostis
745 1540 860 1605 irruptio
873 1556 974 1590 nocere

268 1639 322 1672 non
334 1625 424 1688 potuit
448 1660 973 1675 .............

234 1725 331 1776 XXVI.
350 1726 392 1786 De
404 1724 512 1789 leproso
524 1725 665 1787 mundato,
685 1728 730 1790 qui
747 1727 850 1776 reverti
869 1727 904 1777 ad
915 1743 976 1792 pro-

269 1809 342 1874 pria,
361 1824 395 1859 ne
408 1809 514 1874 lepram
526 1811 637 1874 peccati
649 1812 739 1875 magis
751 1811 914 1874 incurreret,
935 1815 975 1863 vi-

269 1894 340 1944 tavIt
360 1930 973 1950 ................

235 1997 347 2049 XXVII.
367 1997 409 2046 De
422 1996 548 2058 victoria,
563 2012 643 2060 quam
658 1997 729 2061 apud
741 1999 857 2048 Batavis
871 1998 974 2048 deAla-

269 2082 376 2132 mannis
389 2082 513 2132 oratione
525 2083 551 2132 S.
560 2082 686 2132 Severini
699 2097 838 2148 sumpsere
849 2084 973 2147 Romani,

270 2171 298 2216 et
310 2166 381 2233 quod
394 2172 455 2232 post
466 2167 643 2232 triumphum,
658 2168 703 2231 qui
715 2168 921 2233 praedicentem
935 2186 975 2220 se-

270 2253 316 2316 qui
329 2257 498 2317 spreverant,
512 2256 574 2303 sunt
586 2255 721 2318 perempti
750 2288 974 2303 ......
1030 2265 1045 2306 ι

236 2355 361 2403 XXVIII.
380 2353 613 2416 Quemadmodum
626 2355 799 2404 minIstrante
813 2356 975 2406 famuloDei

269 2440 436 2505 pauperibus
449 2439 537 2488 oleum
551 2439 670 2489 crevisse
683 2441 847 2504 proveniunt
882 2478 888 2489 .
926 2478 931 2489 .
969 2479 975 2491 .

236 2541 335 2592 XXIX.
358 2543 400 2592 De
418 2541 473 2603 his,
493 2542 589 2606 quibus
607 2541 677 2592 collo
694 2546 786 2593 vestes
805 2543 899 2607 egenis
918 2559 980 2592 ero<

271 2628 376 2692 gandae
399 2643 415 2676 a
436 2627 536 2677 Norico
558 2627 759 2690 deserentibus,
784 2643 863 2677 ursus
883 2628 974 2677 media

187 2721 189 2724 '
271 2713 368 2777 hyeme
382 2713 510 2762 ducatum
522 2727 571 2777 per
582 2713 660 2762 nives
670 2713 774 2762 heremi
783 2727 867 2777 usque
881 2713 916 2763 ad
928 2713 974 2762 hu·

271 2815 353 2848 mana
365 2797 527 2848 habitacula
538 2798 681 2863 praebuit,
700 2813 766 2861 quos
784 2797 835 2846 tali
847 2798 916 2847 duee
929 2813 973 2847 ve·

272 2884 332 2934 nire
345 2884 427 2934 solita
440 2884 482 2934 vir
493 2883 547 2933 Dei
560 2883 729 2934 revelatione
744 2885 872 2948 cognovit
924 2919 929 2931 .
968 2918 974 2931 .

147 2987 153 2997 '
238 2963 323 3027 XXX.
343 2977 468 3040 Qualiter
484 2977 519 3027 ad
535 2977 677 3027 civitatem
695 2978 861 3028 Lauriacum
879 2977 972 3026 hostes

272 3062 364 3114 lutura
380 3067 461 3114 nocte
479 3067 608 3114 venturos
630 3056 829 3128 praesenserit,
854 3066 881 3112 et
901 3060 973 3112 male
