2128 3682
339 231 547 291 ..15-

35 381 157 454 lerunt,
177 381 203 437 si
219 398 257 438 ex
274 379 449 459 supradicto
466 378 577 458 oppido
596 379 778 459 Comagenis
794 383 846 440 ho·

35 467 144 524 ninom
162 465 224 523 Dei
244 464 393 542 religiosis
409 464 550 542 precibus
567 467 738 525 invitarent.
762 466 846 544 Quos

35 551 85 609 ,lle
114 549 156 608 ad
176 569 209 608 se
232 552 339 608 venire
365 567 585 629 praenoscens,
608 569 625 607 a
647 551 791 624 Domino,
813 561 846 610 ut

35 655 102 694 rum
120 635 165 693 eis
182 645 340 713 pergeret,
362 631 583 711 admonetur),
624 634 692 711 Quo
712 655 778 694 curn
794 655 844 695 ve·

35 722 149 791 nisset,
173 720 274 798 coepit
289 719 406 777 civibus
424 716 552 778 suadere
570 717 689 778 dicens:
715 721 844 799 „poeni-

35 806 151 863 tentiae
174 803 322 864 fructibus
343 799 514 882 poteritisi’)
531 812 651 862 etanta
671 804 759 863 famis
777 824 844 883 per·

35 890 116 950 eicie
143 886 301 947 liberari.“
344 888 405 965 Qui
433 908 499 946 oum
526 888 639 947 talibus
664 890 846 966 proficerent
934 931 936 934 -

35 974 192 1044 institutis,
206 971 520 1049 beatus⁶)Severinus
537 973 640 1032 divina
654 974 844 1032 revelatione

35 1059 195 1136 cognovit,
223 1058 374 1138 quandam
395 1056 517 1116 viduam
539 1059 661 1118 nomino
682 1058 844 1118 Proculam

35 1143 139 1220 fruges
163 1142 310 1220 plurimas
332 1141 506 1202 occultasse.
544 1143 643 1220 Quam
665 1143 844 1221 productam

35 1230 63 1285 in
87 1225 222 1286 medium
244 1229 342 1303 arguit
363 1227 571 1286 vehementer.
606 1228 709 1302 „Cum
735 1230 843 1308 inquit,

35 1312 233 1371 nobilissimis
249 1322 314 1371 orta
329 1311 497 1385 natalibus,
520 1312 695 1389 cupiditatis
711 1321 740 1370 te
756 1332 842 1390 prae·

35 1397 89 1454 bes
117 1396 276 1470 ancillam,
303 1405 333 1455 et
360 1405 453 1458 extas
476 1397 625 1456 avaritiae
650 1397 861 1475 mancipium·

35 1501 116 1560 quae
133 1491 190 1553 est,
207 1481 336 1540 docente
352 1481 509 1560 Apostolo,
527 1483 656 1544 servitus
674 1479 843 1540 idolorum?

35 1565 122 1644 [Gal.
139 1564 234 1641 alo.)
268 1567 352 1625 Eece
372 1565 503 1626 Domino
527 1565 646 1624 famulis
669 1567 730 1626 sois
752 1566 842 1625 mise·

35 1649 197 1710 ricorditer
224 1651 416 1724 consulente,
444 1659 476 1708 tu
502 1649 631 1728 quidde
652 1650 731 1710 male
754 1669 842 1730 para·

35 1731 108 1811 tis⁷)
132 1736 229 1794 facias
252 1756 311 1794 non
334 1735 475 1806 habebis,
501 1736 561 1794 nisi
586 1736 664 1795 forte
693 1735 844 1796 frumenta

36 1821 86 1879 liu
103 1829 216 1897 negata
225 1816 250 1897 8)
266 1821 297 1879 in
313 1820 448 1879 Danubii
464 1821 578 1878 fluenta
593 1822 770 1900 proiioions,
788 1821 842 1880 hu·

36 1905 209 1964 manitatem
220 1905 361 1984 piscibus
374 1904 538 1977 exhibeas,
561 1925 650 1984 qoam
670 1904 841 1965 hominibus

36 1989 207 2068 denegasti
263 1989 466 2068 Quamobrem
497 1989 626 2048 subveni
658 1989 714 2047 tibi
742 1991 842 2069 potius

36 2095 125 2156 qnam
141 2075 338 2154 pauperibus,
362 2094 401 2134 ex
423 2074 470 2132 bis
497 2093 575 2153 quae
591 2073 690 2132 adhuc
704 2082 735 2132 te
750 2074 841 2132 aesti-

36 2180 100 2220 mas
116 2159 234 2220 Ohristo
252 2161 402 2219 esuriente
423 2163 574 2218 servare.“
617 2157 735 2236 Quibus
758 2157 842 2216 audi-

37 2248 74 2305 tis
92 2264 201 2322 magno
217 2244 326 2304 mulier
340 2263 454 2323 pavore
469 2243 639 2321 perterrita,
663 2244 764 2322 eoepit
780 2263 842 2302 ser·

86 2481 114 2544 4)
133 2478 199 2529 Cod.
211 2480 244 2528 B.
262 2479 373 2529 uberius
387 2479 511 2544 exponit:
531 2493 610 2544 „quoa
627 2480 669 2528 me
686 2480 723 2527 od
738 2493 766 2528 oo
783 2495 841 2528 oen·

37 2557 86 2598 tum
108 2549 147 2598 ire
168 2559 353 2610 praenoscens,
382 2561 435 2596 oum
457 2547 597 2597 haesitaret
618 2553 699 2595 utrum
719 2551 843 2610 perperat

37 2633 89 2666 rum
108 2617 144 2666 eis
162 2631 253 2672 neone,
278 2631 294 2665 a
312 2616 431 2672 Domino,
456 2622 483 2664 ot
500 2631 553 2664 cum
571 2615 607 2664 eia
623 2619 759 2677 perporet,
778 2629 842 2662 oom-

38 2689 158 2734 monetor.
201 2681 265 2732 Cori.
289 2682 321 2730 A.
345 2697 501 2746 perperam:
529 2687 720 2730 ammoneretur.
755 2681 841 2732 Baro-

38 2753 97 2802 nius
114 2748 213 2799 habet:
231 2757 407 2800 commonetur.

86 2817 113 2882 5)
133 2818 309 2881 transpositio
322 2818 352 2866 in
360 2818 407 2866 B.:
418 2818 539 2882 peremtio
548 2815 721 2879 poenitentioe
731 2813 841 2876 fractus.

87 2884 113 2948 6)
133 2886 289 2935 beatissimus
306 2885 337 2933 B.

89 2954 115 3018 7)
131 2954 217 3017 portis
234 2953 265 3001 B.
286 2957 314 3001 et
331 2951 477 3002 Baronins.

88 3019 115 3084 8)
134 3021 258 3084 denegato
276 3021 309 3069 Β.
