2154 3678
15 2643 18 2650 .
103 2608 118 2656 5

58 388 209 470 Loquela
224 399 325 448 tamen
340 389 435 468 ipsine
452 388 715 470 manifestabet‘ffi)
726 393 880 454 hominem

62 475 190 533 omnino
220 474 378 547 Latinum,
411 494 500 553 quem
530 485 648 534 eonstat
673 475 807 556 p1·ius⁴⁷)
840 480 878 547 ad

63 557 223 637 quandam
246 558 381 618 Orientis
407 559 602 626 solitudinem
630 562 750 622 fervore
777 565 878 643 perfe-

63 640 174 703 ctioris
190 644 273 702 vitae
289 644 383 702 fuisse
398 644 582 722 profectum3
606 655 698 725 atque
721 649 793 708 inde
810 657 879 726 post

62 728 104 787 ad
125 728 235 788 Norici
259 729 403 806 Ripensis
431 728 558 806 oppida,
583 729 762 791 Pannoniae
790 743 879 811 supe·

62 815 138 872 riori
164 814 281 884 vicina,
303 833 383 892 quae
409 813 604 872 barbarorum
626 815 739 875 crebris
760 836 878 896 preme-

62 898 179 957 bantur
207 897 391 969 ineursibus,
428 898 531 957 divina
560 900 745 979 compulsum
774 902 877 960 visita·
973 943 977 958 .

62 979 199 1059 nonest)
228 984 367 1060 venisse3
406 984 484 1041 sieut
514 985 581 1064 ipse
608 986 712 1044 clauso
740 1005 878 1045 sermone

62 1076 224 1147 tamquam
240 1066 279 1125 de
296 1067 356 1125 alio
371 1067 473 1146 aliquo
489 1072 604 1128 referre
627 1070 732 1130 solitus
757 1067 877 1148 erat⁴⁹)‚

63 1152 229 1211 nonnullas
246 1150 381 1211 Orientis
402 1151 493 1212 urbes
514 1155 686 1228 nominans,
710 1164 740 1214 et
760 1157 879 1215 itineris

63 1238 207 1295 immensi
224 1236 409 1316 periculose
425 1236 605 1297 mirabiliter
620 1241 766 1299 transisse
786 1240 878 1317 signi-

64 1321 173 1381 ficans.
207 1321 296 1380 Haeo
312 1321 402 1398 igitur
418 1321 493 1394 sola,
519 1342 598 1400 quae
615 1326 716 1396 retuli,
737 1326 879 1402 quotiens

66 1405 106 1465 de
127 1407 163 1466 B.
190 1407 332 1467 Severini
353 1407 453 1484 patria
474 1426 572 1465 sermo
596 1418 677 1467 ortus
702 1417 762 1482 est,
788 1409 879 1466 etiam

66 1493 133 1570 ipso
160 1492 338 1570 superstite,
363 1510 483 1569 semper
505 1492 618 1550 audivi.
656 1492 778 1551 Indicia
807 1512 879 1551 vero

67 1576 216 1634 mirabilis
231 1576 314 1634 vitae
333 1577 398 1635 eius
415 1576 485 1634 huie
502 1577 650 1654 epistolae
667 1575 875 1656 coniuncta⁵⁰)

66 1660 215 1738 praelatis
239 1661 381 1739 capitulis
411 1663 685 1722 commemoratorio
711 1664 877 1734 recensita,

66 1747 156 1819 fient,
176 1755 209 1804 ut
230 1746 353 1822 rogavi,
374 1745 451 1804 libro
474 1747 568 1805 vestri
589 1744 802 1824 magisteriiffl)
818 1747 878 1806 ele·

66 1832 158 1889 riora.
202 1831 362 1908 Superest,
384 1840 418 1889 ut
444 1832 508 1889 eius
532 1833 717 1891 orationibus
739 1842 807 1891 tuas
830 1853 877 1891 so·

68 1916 151 1975 eiare
184 1934 245 1974 non
277 1913 415 1987 desinas,
442 1911 521 1991 ut⁵²)
553 1915 774 1994 indulgentiam
805 1917 878 1974 mihi

67 2019 197 2078 poscere
210 2019 270 2058 non
283 1995 471 2076 desistas53).

102 2199 145 2262 46)
166 2201 308 2250 testabatur
325 2200 357 2249 B.
393 2201 458 2250 Pez.
479 2199 556 2248 addit
573 2201 733 2263 Africanum.

101 2269 145 2328 47)
163 2270 305 2334 priorem.
326 2269 357 2316 B.
573 2279 576 2287 ·

101 2334 148 2399 48)
166 2337 320 2386 revelatione
338 2337 370 2384 B.

102 2403 146 2467 49)
165 2403 239 2452 haud
257 2403 298 2452 ita
316 2402 447 2452 intricata
459 2403 548 2454 videri
565 2407 663 2467 potest,
685 2419 754 2467 quae
767 2418 877 2469 reprae-

69 2475 193 2522 sentetur
211 2470 277 2519 Cod.
296 2472 328 2520 Β.
348 2469 447 2520 lectio:
471 2473 535 2520 sicut
556 2473 612 2535 ipse
636 2487 713 2521 causa
735 2473 877 2528 secretiori,

70 2547 118 2589 tam
138 2555 193 2588 uam
211 2540 242 2588 de
261 2539 311 2588 alio
329 2541 482 2604 loqueretur,
500 2539 574 2602 ferre
591 2541 680 2588 solitus
698 2546 764 2588 erat.

1 2632 3 2637 v
120 2557 146 2670 g)
164 2622 213 2671 pro
235 2607 333 2655 ultima
354 2605 438 2655 litera
463 2623 479 2655 e
506 2605 571 2655 Cod.
599 2607 631 2655 A.
659 2621 804 2670 perperam
830 2605 878 2654 he-

69 2675 159 2726 beto.

103 2741 147 2805 51)
167 2740 248 2858 aiitgr
266 2739 331 2791 cod.
349 2741 381 2793 Β.
401 2741 460 2790 libri
476 2742 556 2790 vestri
573 2741 727 2804 mapirterio.

169 2825 182 2858 e
236 2845 242 2858 .

103 2806 148 2940 ἓξ)
166 2878 273 2926 desistat
290 2876 322 2926 A.
342 2861 391 2940 per
409 2874 517 2939 lapsum
536 2874 647 2924 calami.
726 2847 730 2858 ⁸
