2154 3678
382 173 686 248 -71-'

65 337 130 397 cit:
157 335 249 411 „Hoc
265 335 330 410 erit,
346 344 451 395 sancte
470 335 648 418 presbyter,
669 337 749 415 quod
766 335 887 413 audisti,

65 416 170 497 nec3)
196 421 319 479 Domini
348 423 541 480 constitutum
569 421 701 479 humana
730 422 889 482 voluntate

9 509 18 528 ⁸
67 506 282 585 praeteriet.“
891 519 893 524 ’

65 627 68 630 -
139 589 245 650 XLII.
272 590 440 649 Praeterea
448 587 473 667 ¹)
492 587 707 650 Ferderuchus
715 585 739 668 2)
758 611 776 648 a
796 591 890 652 fratre

68 696 129 734 suo
150 675 308 752 Rugorum
323 695 396 752 rege
410 675 498 734 cha
520 696 560 734 ex
577 676 683 754 paucis
706 695 785 755 quae
800 696 891 754 super

68 761 175 840 ripam
186 759 325 819 Danubii
340 769 548 819 remanserant
555 755 582 837 ³)
600 760 718 838 oppidis
735 781 827 818 unum
840 781 889 820 ac-

71 841 240 924 ceperat⁴)
262 845 423 917 Fabianis,
446 846 533 903 iuxta
555 845 635 924 quod
659 843 691 904 S.
714 845 889 919 Savariam,

72 940 109 989 ut
123 929 228 1004 rotuli,
246 929 455 990 commonebat
463 927 500 1009 ⁵).
532 929 582 988 Ad
598 948 688 1008 quem
701 927 796 1007 cumb
809 929 891 989 idem

72 1013 293 1074 Ferderuchus
321 1035 360 1074 cx
390 1035 473 1075 more
503 1015 688 1074 salutaturus
704 1015 890 1089 -accederet,

73 1100 182 1177 coepit
203 1101 232 1158 ei
252 1099 340 1158 miles
356 1098 469 1158 Christi
492 1101 549 1158 iter
570 1121 657 1159 suum
674 1101 793 1159 enixius
813 1099 891 1158 indi·

74 1204 158 1257 care,
177 1184 233 1242 sub
253 1185 474 1244 contestatione
489 1185 567 1243 haec
586 1185 786 1264 proloquens:
808 1185 889 1259 „No-

74 1269 161 1328 veris
178 1289 236 1342 me,
255 1270 362 1349 inquit,
379 1278 568 1347 quantocyus
586 1270 626 1328 ad
642 1271 805 1328 Dominum
821 1290 890 1347 pro·

74 1355 240 1425 facturum,
254 1355 411 1414 etidcirco
428 1354 626 1412 communitus
642 1363 836 1431 praecaveto,
848 1374 888 1413 ne

75 1458 126 1498 me
142 1437 321 1497 discedente
339 1438 455 1516 aliquid
473 1438 593 1510 horum,
617 1458 696 1517 quae
716 1439 789 1497 mihi
811 1459 890 1498 com·

43 1525 46 1535 '
75 1525 175 1582 missa
190 1533 269 1594 sunt,
278 1524 458 1581 attaminare
476 1531 633 1601 pertentes
649 1532 678 1582 et
690 1521 891 1582 substantiam

76 1625 249 1687 pauperum
273 1609 522 1686 captivorumque
549 1607 722 1684 contingas,
750 1606 890 1685 indigna·

1 1741 2 1744 η
76 1695 193 1752 tionem
205 1693 275 1764 Dei,
292 1692 374 1771 quod
396 1691 490 1764 absit,
515 1692 571 1750 tali
593 1695 765 1751 temeritato
786 1712 890 1752 sensu·

76 1781 163 1838 rus.“
188 1775 251 1835 Sed
267 1776 479 1836 Ferderuchus
493 1771 648 1857 insperata
658 1779 891 1836 commonitione

77 1861 254 1942 perculsus:
277 1861 367 1935 „Oua
383 1862 490 1941 inquit,
507 1862 565 1920 hac
581 1865 803 1921 contestatione
820 1883 890 1922 con·

78 1946 248 2017 fundimur,
268 1967 334 2005 cum
350 1968 411 2007 non
427 1955 564 2025 optemus
578 1945 657 2004 tanti
679 1947 780 2005 orbari
801 1966 891 2025 prae-

79 2033 182 2104 sidiis,
200 2039 231 2090 et
243 2040 367 2091 sanctae
383 2031 539 2107 largitioni
554 2039 640 2104 tuac,
657 2050 736 2110 quae
753 2021 892 2090 omnibus

2 2152 4 2161 ·
78 2127 153 2176 nota
168 2125 224 2190 cst,
241 2117 380 2176 conferre
397 2136 451 2174 nos
467 2114 584 2194 aliquid
599 2110 753 2191 deceat7),
766 2135 827 2175 non
839 2134 890 2173 au-

2 2218 6 2277 ι
79 2204 178 2273 ferre,
206 2210 357 2280 quatenus
382 2201 489 2272 solita,
516 2201 595 2258 sicut
621 2209 651 2259 et
677 2209 765 2280 pater
790 2209 892 2260 noster

179 2372 241 2420 enim
258 2369 398 2419 interserit
416 2369 448 2418 Β.

177 2453 231 2486 cum
247 2437 388 2487 interserit
405 2437 438 2486 B.

132 2506 158 2568 2)
179 2503 344 2554 Constanter
362 2505 402 2554 sic
422 2503 519 2554 scribit
536 2503 581 2566 A.;
601 2503 667 2553 Ccd.
681 2504 713 2554 Bt
732 2503 817 2554 habet
833 2503 893 2552 Fri-

81 2575 193 2624 demens.

134 2640 159 2702 3)
176 2646 372 2704 permanserant
388 2641 420 2688 Β.

133 2707 160 2774 4)
179 2709 308 2773 acciperet
325 2707 355 2758 B.

31 2815 35 2822 ,
134 2776 159 2837 5)
179 2775 348 2826 commanebat
365 2776 397 2828 B.
431 2775 528 2824 Litora
546 2791 561 2825 o
580 2778 706 2824 correcta
728 2773 756 2822 in
775 2771 840 2824 Cod.
860 2773 892 2822 Α.

134 2841 160 2907 6)
179 2849 205 2893 et
222 2845 258 2893 ud
277 2860 331 2892 eum
348 2844 379 2893 B.

135 2911 160 2972 7)
179 2913 276 2976 aliquid
292 2927 338 2961 nus
355 2910 511 2974 transponit
524 2910 555 2962 B.
580 2911 670 2959 deceat
683 2913 834 2958 correctum
848 2907 893 2959 vel

85 2980 174 3044 potius
193 2979 372 3043 depravatum
389 2978 418 3028 in
437 2981 527 3028 doceat
544 2978 574 3028 in
592 2977 658 3027 Cod.
676 2977 708 3027 A.
