2154 3678
367 698 586 762 INDEX.

290 953 656 1005 PROOEMIUM.
824 1003 877 1055 Pag.

68 1073 192 1140 Epistola
209 1073 341 1140 Eugippii
359 1073 393 1122 ad
409 1055 575 1123 Paskasium
591 1075 766 1124 Diaconum.
804 1109 811 1124 .
864 1074 878 1123 l

67 1176 191 1242 Epistola
213 1174 342 1225 Paskasii
362 1175 483 1225 Diaconi
501 1176 535 1225 ad
551 1176 716 1242 Eugippium
730 1175 810 1226 Pros-

101 1263 229 1326 hyterum
284 1295 810 1312 .............
861 1258 878 1308 8

258 1393 347 1443 VITA
365 1393 432 1444 ΒΑΝ
435 1393 495 1443 ΟΤΙ
513 1394 692 1445 SEVERINI.

67 1500 86 1549 1.
106 1495 248 1559 Quomodo
261 1495 376 1560 primum
388 1495 487 1544 beatus
500 1493 646 1545 severinus
661 1497 689 1544 in
702 1496 810 1561 oppido,

101 1581 174 1647 quod
186 1581 293 1630 Asturis
304 1584 429 1641 vocatur,
445 1583 472 1629 et
489 1579 671 1630 saluberrima
685 1581 809 1630 exhorta-

25 1661 27 1722 1
99 1669 177 1730 tione
196 1654 326 1715 bodomm
343 1679 454 1729 operum
472 1669 500 1714 et
516 1665 695 1715 verae-issima
707 1666 810 1716 futuro-

24 1815 25 1820 1
98 1749 380 1814 rumpraedioationo
394 1749 527 1799 claruerit
540 1785 808 1801 .......
846 1750 875 1800 11

24 1873 25 1878 ’
64 1855 98 1902 11.
118 1853 162 1901 De
180 1851 294 1916 oppido,
313 1851 357 1900 oui
376 1855 436 1900 erat
452 1852 618 1901 vocabulum
636 1851 807 1917 comagenis,

24 1929 25 1996 Ϊ
96 1952 148 2002 per
161 1950 223 1985 eum
234 1935 399 1985 mirabiliter
411 1936 445 1985 ab
459 1935 583 1986 hostibus
595 1935 714 1986 liberato
758 1972 765 1985 .
802 1973 808 1987 .
846 1935 877 1986 14

63 2039 114 2088 ΠΙ.
134 2038 177 2086 De
192 2038 307 2086 civitate
320 2052 452 2102 oppressa
463 2037 545 2098 fame,
557 2043 585 2086 et
593 2037 707 2086 muliere
718 2037 807 2087 oooul-

97 2126 176 2171 tante
190 2122 336 2184 frumenta,
352 2127 379 2171 ot
392 2122 424 2171 do
438 2121 559 2171 adventu
571 2122 684 2172 navium
714 2158 721 2171 .
758 2157 764 2170 .
802 2157 808 2171 .
845 2121 876 2170 14

62 2225 110 2274 IV.
130 2225 174 2272 De
193 2222 377 2289 praedonibus
395 2222 536 2284 barbaris,
554 2222 600 2286 qui
617 2224 700 2273 etiam
717 2224 809 2273 omnia

97 2324 175 2358 arma
188 2322 238 2357 sua
251 2322 312 2357 oum
325 2306 442 2373 praeda,
462 2321 543 2370 quam
557 2311 635 2356 extra
652 2322 742 2357 muros
754 2309 808 2358 Fa·
824 2350 827 2356 ,

96 2392 280 2446 biononsium¹
288 2396 428 2456 ceperant,
444 2392 608 2462 amiserumt3
627 2392 672 2441 vel
685 2392 717 2440 de
730 2391 807 2442 insti·

62 2473 64 2477 ’
95 2476 159 2526 timo
173 2478 231 2526 eius
245 2481 327 2540 atque
340 2476 495 2526 humilitate
507 2477 658 2541 praecipua
711 2513 717 2525 .
756 2512 763 2527 .
799 2515 806 2527 .
844 2474 875 2526 lo

60 2579 94 2627 V.
112 2579 146 2627 In
160 2582 263 2643 quanta
277 2579 433 2627 reverentia
446 2593 506 2628 eum
516 2578 654 2642 Rugorum
667 2593 715 2626 rex
725 2577 807 2627 Flac·

96 2663 224 2713 eithaeus
236 2662 379 2725 habuerit,
398 2662 443 2712 vel
457 2661 573 2726 qualiter
589 2663 622 2711 ab
635 2662 743 2712 insidiis
756 2662 806 2710 ini-

94 2748 228 2797 micorum
241 2747 327 2812 ipsius
340 2747 375 2796 sit
387 2746 521 2797 liberatus
534 2746 674 2796 oraculo.
711 2781 718 2794 .
755 2781 762 2794 .
798 2781 805 2795 .
841 2743 875 2796 20

60 2848 107 2897 VI.
128 2849 172 2898 Do
191 2849 273 2898 unico
291 2848 346 2898 filio
362 2827 462 2899 iiduae
476 2848 566 2913 gentis
578 2846 739 2912 praedictae
752 2847 806 2896 Ru-

95 2948 200 2998 gorum,
214 2948 294 2998 quom
306 2949 356 2997 per
369 2948 454 2982 annos
467 2933 611 2983 duodecim
623 2931 699 2982 dolor
712 2947 807 2982 exeru-

95 3019 230 3080 ciaverat,
245 3018 298 3067 viri
311 3018 365 3067 Dei
379 3019 502 3068 oratione
514 3024 611 3067 sanato
626 3053 806 3070 .....
841 3017 873 3066 22
