2154 3678
36 832 186 900 INCIPIT
211 829 411 898 PROLOGUS
439 831 492 896 DE
517 831 615 896 VITA
636 831 714 898 VEL
738 831 855 900 OBITU

271 949 411 1015 sartori
432 949 628 1016 SEVERIM.

115 1119 249 1189 [Epistola
266 1122 390 1187 Eoyippit
407 1124 442 1172 ad
457 1121 608 1172 Paskasium
625 1121 785 1188 Diaconum]

101 1276 237 1336 Domino
254 1283 359 1334 sancto
378 1294 415 1333 ac
431 1275 603 1333 venerabili
620 1275 770 1336 Paskasio
787 1276 851 1335 dia-

39 1381 117 1420 cono
144 1355 355 1438 Eugippius1)
384 1360 417 1416 in
438 1357 558 1418 Christo
589 1360 728 1420 salutem.
768 1362 852 1420 Ante

38 1447 98 1504 hoc
118 1445 214 1504 ferme
231 1444 397 1515 biennium,
416 1441 586 1502 Consulatu
603 1443 722 1502 scilicet
735 1445 850 1523 Impor-

39 1531 123 1604 tuni,
144 1529 274 1608 epistola
298 1527 454 1586 cuiusdam
476 1527 549 1586 laici
565 1527 676 1586 nobilis
692 1527 731 1586 ad
747 1549 851 1608 quem·

41 1614 111 1674 dam
134 1613 251 1672 directa
270 1612 483 1692 presbyterum
506 1612 594 1672 nobis
619 1611 725 1672 oblata
746 1625 793 1672 est
812 1613 851 1672 ad

40 1698 220 1776 legendum,
249 1699 407 1757 continens
432 1699 526 1758 vitam
547 1694 670 1776 Bassi²)
692 1700 850 1774 monachi,

41 1785 93 1863 qui
119 1782 270 1862 quondam
291 1783 324 1841 in
344 1784 526 1842 monasterio
543 1785 669 1856 montis,
696 1785 744 1842 cui
759 1805 851 1844 voca·

39 1869 147 1928 bulum
163 1876 209 1926 est
225 1868 323 1940 Titas,
343 1887 434 1947 super
448 1867 616 1926 Ariminum
639 1881 848 1939 commoratus,

39 1961 113 2032 post
128 1953 159 2010 in
174 1953 330 2011 Lucaniae
346 1953 470 2030 regione
490 1951 651 2010 defunctus
667 1962 727 2026 est,
750 1954 797 2010 vir
821 1962 852 2011 et

39 2038 145 2098 multis
172 2045 202 2095 et
226 2038 298 2096 mihi
323 2037 508 2096 notissimus.
553 2034 654 2112 Quam
681 2035 849 2115 epistolam,

41 2143 111 2181 cum
133 2141 151 2179 a
174 2121 353 2200 quibusdam
381 2116 597 2198 descriptam3)
625 2140 850 2198 cognoscerem,

40 2207 131 2285 coepi
146 2225 262 2264 mecum
277 2208 343 2283 ipse
356 2215 504 2279 tractare,
521 2225 578 2263 nec
595 2225 654 2263 non
671 2214 701 2264 et
715 2207 788 2264 viris
803 2226 850 2266 re-

39 2289 159 2369 ligiosis
181 2289 318 2364 edicere,
339 2298 424 2350 tanta
446 2311 502 2368 per
520 2291 555 2348 Β.
575 2287 756 2350 Severinum
772 2289 850 2350 divi·

11 2451 12 2454 Ἴ
40 2378 89 2435 nis
111 2373 268 2434 effectibus
292 2375 465 2448 celebrata,
492 2396 553 2434 non
580 2384 722 2454 oportere
747 2378 851 2435 celare

40 2460 198 2520 miracula.

11 2691 12 2726 i
93 2697 119 2758 1)
142 2695 277 2756 Quoniam
296 2695 432 2760 scriptura
451 2694 516 2744 Ood.
535 2696 566 2745 A.
590 2696 683 2744 variat
705 2695 778 2744 inter
799 2695 850 2744 Ea·

38 2766 144 2830 yippius
164 2767 191 2813 st
208 2763 351 2828 asapius,
376 2779 427 2827 ego
451 2763 558 2826 quidem
577 2763 702 2812 omnibus
719 2762 788 2812 locis
807 2779 849 2812 rc·

11 2837 13 2852 '
42 2831 185 2882 tinendam
204 2832 299 2881 censui
317 2831 469 2896 Eoyippios.

94 2913 120 2976 2)
137 2915 247 2966 Basilici
263 2915 294 2964 B.

11 3029 12 3050 r
96 2997 121 3061 3)
140 3001 251 3050 describi
266 3001 299 3050 B.

86 3098 151 3134 vrri
170 3100 191 3134 s.
212 3099 356 3134 envannu.
