2154 3678
72 405 168 442 rerum
183 404 329 463 praesens
345 385 402 444 fuit
417 377 576 460 αὐτόπτης,
597 407 732 467 eamque,
750 397 783 446 ut
797 389 878 466 ipse-

74 495 131 545 met
152 487 184 544 in
205 486 336 564 epistola
360 487 399 544 ad
420 488 619 547 Paschasium
636 490 806 548 Diaconum
828 511 877 548 eo-

12 613 13 626 *
74 589 183 646 clesiae
205 589 362 650 Romanae
388 587 495 666 (cuius
514 590 544 650 S.
563 589 730 666 Gregorius
750 592 781 649 in
802 592 877 649 Dia·

49 689 146 766 ,logis
162 689 334 770 meminit*)
360 698 505 763 testatur,
530 691 651 749 biennio
675 701 744 768 post
770 713 876 752 eonsu-

18 801 21 806 '
70 791 161 850 latum
172 791 339 868 Importuni
353 792 370 848 i.
387 789 509 851 e.Coss.
521 793 625 852 Felice
644 801 675 852 et
691 792 876 865 Secundino,

71 889 148 950 aurio
170 891 281 954 Christi
301 893 420 970 511**).
453 894 626 971 Epistolam
655 895 761 967 istam,
789 896 877 954 sicuti
915 967 917 970 Ι

70 994 151 1052 illam
175 994 335 1052 Paschasii
363 993 403 1052 ad
430 1005 583 1055 auctorem
604 997 789 1074 Eugippium
818 1017 878 1075 qua

69 1095 224 1172 prologum
245 1096 337 1154 totius
356 1097 447 1156 Vitae
471 1098 503 1158 S.
520 1097 662 1156 Severini
680 1100 877 1175 praemitten-

69 1195 137 1254 dam
157 1197 270 1255 curavi.

133 1297 232 1355 Huius
254 1299 336 1357 vitae
358 1297 391 1356 S.
417 1299 559 1359 Severini
581 1310 703 1360 auctore
723 1301 877 1378 Eugippio

69 1398 216 1460 Codicem
240 1399 353 1458 'notatu
385 1400 607 1477 dignissimum,
642 1401 712 1460 dum
745 1403 776 1460 in
801 1402 877 1460 urbe

68 1510 177 1560 sancta
193 1509 223 1558 et
239 1509 365 1559 aeterna
383 1521 592 1573 commorarer,
617 1502 721 1561 detexi
742 1504 773 1560 in
791 1501 887 1562 tabu?

68 1603 152 1660 lariis
184 1602 362 1679 principalis
400 1603 634 1662 archibasilieae
671 1607 876 1675 Lateranorum,

68 1701 263 1762 Catbedraiis
284 1705 440 1763 Romanae
462 1713 494 1763 et
510 1707 647 1764 omnium
668 1706 878 1765 Ecclesiarum

68 1803 163 1864 Urbis
186 1813 216 1862 et
239 1803 328 1864 Orbis
350 1808 453 1864 matris
477 1815 507 1864 et
528 1809 647 1885 capitis.
692 1806 798 1867 Codex
820 1809 877 1866 iste

14 1902 17 1911 ’
66 1907 97 1965 in
112 1904 261 1983 Catalogo
279 1906 474 1966 describitur:
499 1909 708 1980 ‚‚Passionale,
725 1929 779 1967 seu
795 1910 877 1967 vitae

59 2007 290 2094 ‚quamplurium
312 2007 506 2081 Sanctorum,
533 2029 612 2088 quae
635 2009 775 2067 dicuntur
798 2029 876 2067 com·

65 2111 186 2187 positae
215 2127 233 2166 a
263 2107 437 2169 Secundino
471 2112 624 2188 Episcopo
654 2111 876 2168 Taurominita·

66 2231 148 2282 rum,
170 2209 280 2288 quibus
303 2221 531 2290 praeponuntur
551 2212 754 2291 quadraginta
773 2212 876 2270 Homi-

65 2311 128 2369 liae
149 2312 182 2371 S.
203 2310 344 2387 Gregorii
358 2313 494 2391 Papae.“
534 2311 684 2372 Constans
703 2313 749 2371 IV
762 2313 877 2386 Tomisr,

118 2580 143 2646 ⁸)
165 2583 200 2632 cf.
214 2583 314 2632 Boron.
328 2581 426 2634 Annal.
441 2582 475 2632 ad
489 2598 531 2634 an.
545 2580 626 2631 4961.
639 2583 675 2632 II.
779 2618 782 2625 ,

105 2697 146 2763 **)
168 2701 204 2750 ef.
217 2702 311 2764 Papias
327 2701 356 2750 in
374 2699 480 2750 Critica
496 2701 570 2750 Hist.
588 2699 708 2748 chronol.
727 2699 761 2748 ad
779 2699 876 2750 Annal.

63 2785 184 2835 Batonii
206 2785 278 2834 VIII.
301 2803 326 2850 p.
351 2783 407 2834 169.
434 2785 507 2834 Edit.
529 2785 623 2835 Lucae
645 2783 719 2832 1741.
751 2799 802 2832 nec
823 2799 878 2833 non

63 2869 234 2918 Lambaccius
246 2870 322 2919 Tem.
336 2870 358 2918 Ι.
378 2869 509 2918 Biblioth.
525 2867 680 2918 Caesareae
693 2883 719 2932 p.
734 2865 767 2916 26
780 2872 876 2931 etseq.

64 2969 101 3002 ac
120 2953 254 3002 Mabitton.
273 2955 348 3006 Tom.
366 2954 402 3003 11.
426 2955 488 3003 Vet.
508 2953 640 3002 Analecta
657 2969 683 3017 p.
703 2950 732 3000 ll
755 2956 783 3001 et
800 2953 824 3002 I.
841 2954 876 3002 A.

62 3037 204 3088 Fabricius
215 3036 382 3087 Bibliothec.
394 3038 467 3088 Med.
483 3042 510 3086 et
521 3038 574 3090 Inf.
587 3037 679 3086 Latin.
692 3036 740 3087 lib.
754 3037 789 3086 V.
