2154 3678
493 262 533 270 -
578 249 633 288 XVI
676 263 713 270 -

199 378 261 426 VII.
281 379 406 439 Qualiter
432 379 558 429 Odoaeer
578 380 812 440 adolescentulus,
838 380 942 431 vilissi-
956 329 1018 382 pag.

234 463 285 511 mis
289 462 416 542 pellibus
430 471 553 529 opertus,
576 465 611 513 ab
629 480 661 514 eo
678 465 888 529 praenuntiatus
906 466 943 514 sit

234 551 417 612 regnaturus.
454 586 460 598 .
478 593 480 598 .
497 584 941 599 ...........
981 552 1018 599 24

200 665 274 715 VIII.
294 666 372 726 Quod
383 667 567 728 Felethaeue,
586 669 633 732 qui
650 671 678 716 et
694 668 784 728 Feva,
804 666 944 732 Rugorum

235 765 282 799 rex
296 751 412 800 antelati
424 750 496 800 filius
508 752 697 814 Flaeeithaei,
717 752 864 816 pessimam
874 767 943 820 'oon-

234 834 325 898 iugem
342 836 515 900 rebaptizare
535 836 687 887 catholicos
700 841 773 886 metu
787 836 881 886 Sancti
895 835 943 884 Se-

234 919 324 970 verini
344 924 475 980 vetuerit‚
499 920 544 970 vel
566 920 646 986 quale
668 920 819 985 perieulum
841 919 943 969 illude

234 1004 403 1066 parvunoulo
428 1003 483 1052 filio
507 1019 555 1054 suo
579 1004 725 1053 Frederieo
750 1004 867 1068 quedam
889 1004 943 1065 die,

236 1086 298 1134 dum
316 1086 348 1135 de
371 1088 532 1151 quibusdam
553 1089 779 1138 intercessionem
801 1089 859 1137 eius
879 1104 944 1139 oon·

235 1171 400 1234 tempsisset,
415 1174 561 1221 incurrerit
585 1187 599 1221 .’
628 1208 942 1222 ........
981 1174 1016 1222 24

147 1343 150 1348 ,
201 1290 247 1338 ΙΧ.
266 1289 307 1338 De
320 1291 452 1354 portitore
466 1290 645 1354 reliquiarum
658 1289 684 1340 S.
697 1289 825 1340 Gervasii
838 1295 866 1339 et
877 1291 943 1340 Pro-

151 1372 155 1381 '
235 1373 301 1422 tasii
318 1379 479 1438 martyrum,
498 1374 615 1424 mirifice
631 1376 684 1425 viri
701 1376 755 1424 Dei
773 1374 943 1424 revelatione

235 1462 398 1521 monstrato,
417 1459 463 1510 vel
476 1475 529 1524 qua
545 1461 736 1525 responsione,
753 1459 815 1509 dum
832 1475 944 1523 rogare-

235 1545 285 1603 tur,
301 1544 477 1607 episcopatus
491 1544 671 1594 declinaverit
683 1545 813 1594 honorem
848 1581 854 1593 .
891 1581 897 1593 .
935 1580 941 1593 .
979 1546 1014 1593 27

201 1659 234 1708 X.
253 1660 296 1708 De
314 1661 430 1723 quodam
447 1662 560 1711 ostiario
581 1663 689 1726 uspiam
711 1638 805 1725 egiedi
826 1662 943 1725 quadam

236 1743 281 1792 die
298 1744 448 1807 prohibito,
470 1761 532 1794 mox
553 1761 569 1794 a
590 1745 716 1795 barbarie
738 1749 819 1809 eapte
838 1747 872 1794 ab
892 1747 944 1795 eis-

236 1827 350 1891 demque
364 1828 525 1894 suppliciter
534 1831 662 1880 restituto
675 1865 941 1882 .......
977 1830 1014 1880 29
1052 1844 1053 1926 p

195 1945 249 1996 'XL
268 1947 309 1995 De
328 1946 475 2009 miraculo,
494 1949 563 2011 quod
581 1949 610 1996 in
628 1946 744 1997 castello
757 1947 880 1998 Cucullis
899 1949 941 1998 fa·

237 2036 309 2080 etum
327 2037 381 2094 est,
400 2032 447 2082 ubi
464 2033 552 2082 cereis
570 2033 700 2082 divinitus
719 2033 845 2082 accensis
858 2033 942 2082 saeri-

235 2116 301 2181 legi‚
315 2118 360 2182 qui
373 2132 402 2166 se
415 2115 562 2181 prim(itus)
575 2109 793 2179 oscultaverant,
806 2116 942 2166 declarati

237 2199 370 2264 s(eeleris)
384 2203 503 2267 eorrepti
544 2236 940 2252 ..........
976 2201 1011 2253 30

203 2309 266 2359 XII.
286 2310 518 2370 Quemadmodum
534 2311 567 2360 de
585 2310 684 2360 finibus
698 2312 818 2375 praefati
833 2311 942 2360 castelli

236 2393 359 2443 locustae
372 2395 477 2444 ieiunIo
491 2400 518 2443 et
530 2396 654 2445 oratione
668 2403 748 2462 atque
762 2395 943 2458 eleemosynis

236 2478 296 2527 Deo
308 2478 457 2543 propitiato
470 2479 599 2544 depulsae
612 2479 681 2543 sint,
696 2480 797 2530 abrasa
809 2479 941 2529 mirabili-

237 2568 279 2610 ter
296 2567 391 2628 segete
410 2564 552 2614 cuiusdam
573 2566 701 2629 pauperis
723 2565 857 2614 inereduli
879 2580 941 2614 oon·

237 2648 379 2712 temptoris
414 2683 941 2699 .............
976 2648 1010 2699 33

203 2756 278 2806 ΧΙΙΙ.
298 2757 436 2818 Quomodo
449 2774 545 2808 cereus
564 2760 593 2807 in
609 2773 691 2806 manu
709 2759 781 2820 servi
793 2754 847 2808 Dei
865 2775 942 2809 oran·

237 2841 272 2890 tis
287 2857 418 2892 aecensus
431 2844 475 2904 sit,
487 2843 548 2892 dum
561 2843 736 2908 vespertinae
750 2843 839 2893 laudis
850 2843 942 2894 officio

236 2926 309 2990 ignis
327 2926 360 2976 de
378 2943 450 2977 more
468 2929 640 2978 necessarius
658 2928 768 2976 minime
786 2929 885 2978 fuisset
901 2928 943 2977 in·

237 3012 1007 3062 ventus..............35
