2154 3678
359 244 674 316 —59-,

51 413 123 453 cum
137 392 218 452 nihil
239 391 417 450 victualium
436 394 637 470 reperissent,
665 393 783 481 direpto
805 395 869 452 uui·

48 479 180 537 mulium
196 473 339 555 grege¹¹)
358 477 513 537 cuiusdam
534 470 679 550 huminis,
702 480 756 557 qui
779 499 869 538 servo

48 563 115 622 Dei
129 561 330 641 praedicente
353 570 514 621 contumax
536 583 591 622 suu
611 569 711 621 tutare
734 572 868 622 contem-

49 642 223 726 pserat¹²)‚
240 655 442 706 recesserunt.
477 648 544 706 Illis
561 656 662 706 cutem
678 647 869 721 abeuntibus,

52 735 141 791 cives
168 740 273 810 portas
283 726 322 808 13)
345 734 475 808 egressi,
502 731 585 790 haud
609 732 716 809 procul
738 751 757 789 a
777 734 869 792 muris

52 818 156 876 scalas
174 818 312 876 iacentes
335 817 510 889 inveniunt,
537 836 612 895 quus
628 815 667 874 ud
683 816 767 875 urbis
784 819 869 874 cxci·

54 901 138 960 dium
160 897 427 979 praeparantes¹¹)
449 901 570 960 barbari
592 901 784 978 vigilantium
807 901 868 959 cla·

44 1007 138 1062 ,more
155 985 268 1044 turbati
283 986 314 1045 in
332 995 422 1045 nocte
440 989 641 1045 iactaverunt.
675 984 869 1066 Quapropter

52 1071 214 1131 memorati
232 1071 316 1130 cives
332 1072 453 1130 veniam
470 1093 488 1130 a
505 1070 617 1131 Christi
632 1070 746 1130 famulo
760 1090 868 1149 preca-

52 1155 167 1214 bantur
179 1154 351 1226 humiliter,
375 1157 555 1216 coufitentes
574 1153 667 1215 cordc
686 1175 741 1216 sua
757 1155 869 1234 lapidi·

52 1241 108 1299 bus
127 1259 197 1300 esse
215 1239 346 1313 duriora,
367 1241 420 1319 qui
434 1240 524 1300 rebus
542 1237 755 1319 praesentibus
774 1260 867 1316 ugno-

51 1334 165 1384 vcrunt
179 1325 212 1383 in
227 1334 332 1384 sancto
348 1325 414 1383 viro
436 1326 565 1402 gratiam
586 1325 722 1401 viguisse
738 1325 869 1401 prophe-

53 1413 166 1486 ticam3
188 1409 263 1468 isset
279 1429 390 1487 nempe
406 1418 478 1468 tuuc
498 1409 585 1486 plebs
606 1408 786 1468 inobediens
801 1409 867 1466 uni·

54 1514 147 1554 versu
171 1490 358 1572 captivu¹⁵)‚
387 1495 446 1552 nisi
476 1513 543 1552 cum
570 1492 698 1552 liberam
721 1494 779 1551 viri
805 1493 868 1551 Dei

57 1586 205 1640 consueta
224 1573 423 1654 servassetffl)
449 1580 567 1652 oratio,
588 1578 702 1637 Iacobo
728 1577 867 1656 apostolo

53 1670 260 1743 protestante:
284 1661 486 1736 ,‘‚multum,
480 1665 590 1742 iuquit,
565 1663 702 1722 tvulet
724 1657 866 1738 orati0¹⁷)

52 1749 127 1810 iusti
141 1747 274 1808 assidua.
278 1750 295 1781 ‘⁴

117 1833 244 1893 XXXI.
276 1833 463 1892 Felethueus
484 1833 639 1910 Rugorum
663 1853 735 1904 rex,
762 1833 869 1912 quiet

56 1919 143 1978 Feva
152 1914 192 1995 ¹),
217 1916 345 1976 audiens
381 1925 557 1976 cunctorum
595 1917 743 1997 reliquias
784 1917 868 1994 oppi-

57 2003 177 2072 dorum,
206 2022 285 2081 quae
307 1998 522 2080 barbaricoc²)
550 2010 713 2060 eraserunt
737 1999 867 2078 gladios,

88 2221 133 2283 11)
152 2223 313 2284 diripuerunt
330 2220 469 2270 animalium
485 2234 587 2283 prepem
604 2218 636 2268 B

87 2290 198 2349 l2)eua
214 2291 295 2338 tutari
311 2292 514 2352 contempserat,
532 2293 558 2336 et
577 2291 630 2336 etc.
649 2287 680 2336 B.

89 2356 133 2420 13)
152 2359 235 2420 portis
252 2357 285 2405 Β.

90 2424 133 2487 14)
148 2440 234 2488 praep
236 2430 326 2474 aratus
342 2423 374 2472 B.

92 2490 133 2557 15)
153 2498 228 2558 atque
251 2494 277 2540 in
298 2506 346 2541 unc
369 2492 526 2554 impetuisret
546 2489 619 2554 plebe
640 2491 787 2541 inobediens
813 2493 867 2540 uni·

54 2576 130 2610 uersa
152 2563 261 2624 captiua,
279 2560 312 2608 Β.
334 2557 419 2608 lectio
437 2558 469 2608 A.
489 2558 575 2608 multo
598 2558 783 2623 praeferenda
801 2558 869 2607 scri-

57 2633 156 2694 pturae
175 2625 240 2676 Cod.
259 2627 291 2676 Β.

90 2693 133 2756 16)
151 2701 327 2744 conservasset
343 2694 376 2742 B

89 2761 133 2826 17)
151 2763 300 2826 deprecatio
317 2761 350 2810 Β.

110 2829 136 2893 1)
155 2830 226 2879 Facu
243 2830 275 2879 Β.
294 2833 324 2877 ut
341 2843 439 2893 supra.-

106 2898 133 2960 2)
151 2897 286 2946 barbarico
314 2931 372 2946 ...
395 2910 424 2945 ce
445 2911 495 2959 per
516 2895 567 2944 Dei
590 2897 643 2943 etc.
668 2893 700 2942 A.
720 2891 867 2943 Fesellisse

59 2965 163 3018 videtur
181 2965 274 3014 scribe
293 2963 358 3014 Cod.
378 2963 409 3012 B.
432 2962 463 3012 A.
483 2962 584 3013 clarius
607 2960 705 3010 habet:
726 2976 790 3026 quae
808 2960 867 3010 bar-

58 3031 158 3083 baricos
175 3038 308 3083 evaseruut
328 3033 429 3096 placius
446 3031 601 3080 Lauriacum
617 3044 644 3079 re
661 3043 711 3093 per
727 3029 779 3078 Dei
796 3033 849 3078 etc.
