2154 3678
379 251 567 310 „5-

67 399 201 457 cessario
231 417 250 455 a
273 396 361 456 nobis
387 398 549 476 inquiritur
560 394 616 474 28),
641 395 769 478 unde²9)
795 401 874 460 sicut

65 483 157 541 moris
173 487 229 555 est,
245 481 398 541 texendae
414 484 579 560 cuiuspiam
588 478 628 560 ³⁰)
640 483 723 542 vitae
739 477 881 544 sumatur

67 566 235 626 exordium.
273 568 323 626 De
345 586 393 624 me
415 567 514 626 fateor
535 567 652 627 nullum
675 569 799 628 evidens
820 571 872 628 ha-

66 650 139 711 bere
157 643 427 727 documentumffl).

125 735 207 794 Nam
233 756 300 795 curn
322 732 455 814 multi32)
478 736 653 796 sacerdotes
683 744 713 794 et
733 738 873 814 spiritua·

63 820 110 879 les
127 821 269 892 viri,nec
284 841 345 879 non
361 829 391 879 et
401 820 474 880 laici
485 821 605 881 nobiles
622 829 713 900 atque
726 821 872 899 religiosi,

63 905 115 964 vel
130 905 305 982 indigenae,
324 905 375 964 vel
392 904 430 964 de
445 906 620 985 longinquis
637 907 675 964 ad
692 925 760 964 eum
775 907 872 984 regio·

63 989 153 1049 nibus
171 989 357 1048 confluentes
371 991 492 1070 saepius
508 990 730 1050 haesitaverint
737 986 777 1070 33)
794 991 873 1050 inter

63 1095 95 1134 se
113 1081 314 1154 quaerentes,
335 1077 420 1133 cuius
441 1076 572 1134 nationis
597 1085 679 1135 esset
697 1077 759 1147 vir,
782 1097 872 1156 quem

62 1161 158 1218 tantis
169 1167 330 1217 cernerent
344 1159 463 1236 fulgere
478 1159 650 1238 virtutibus,
666 1180 724 1219 nec
738 1163 818 1220 ullus
835 1161 873 1218 ab

64 1263 102 1302 eo
123 1237 293 1322 penitus34)
320 1243 447 1303 auderet
465 1246 634 1324 inquirere;
663 1238 786 1304 tandem
807 1246 872 1304 Pri-

61 1322 232 1405 menius35)
254 1327 378 1406 quidam
395 1324 556 1410 presbyter
569 1328 696 1403 Italiae,
716 1330 826 1388 nobilis
843 1338 874 1388 et

62 1413 154 1472 totius
170 1413 359 1471 auctoritatis
381 1413 442 1484 vir,
466 1413 518 1491 qui
540 1413 580 1471 ad
604 1433 672 1472 eum
694 1414 874 1490 confugerat

63 1506 203 1575 tempore
223 1516 283 1575 quo
305 1498 458 1556 Patricius
479 1496 604 1557 Orestes
626 1498 730 1576 inique
755 1517 873 1577 perem-

60 1591 131 1660 ptus
152 1590 213 1652 est,
242 1581 455 1641 interfectores
477 1583 542 1640 eius
563 1590 716 1657 metuens,
738 1603 775 1642 eo
792 1581 874 1662 quod

61 1667 218 1726 interfecti
250 1666 336 1725 velut
359 1676 447 1744 pater
472 1666 567 1748 fuisse
595 1667 757 1728 diceretur.
796 1668 872 1727 Post
949 1695 951 1700 v

60 1751 172 1810 multos
187 1751 290 1829 itaque
306 1752 523 1811 familiaritatis
542 1752 674 1833 adeptae
698 1753 781 1826 dies,
804 1773 870 1812 eru-

60 1836 105 1915 pit
123 1835 212 1915 quasi
226 1855 279 1912 pro
296 1836 446 1904 omnibus,
468 1845 499 1895 et
518 1838 562 1895 ita
577 1838 749 1897 sciscitatus
766 1846 813 1897 est
828 1837 872 1896 di·

63 1940 155 1980 cens:
178 1919 329 1993 „Domine
345 1930 461 1994 sancte,
482 1920 520 1980 de
535 1942 596 2000 qua
612 1924 771 2000 provincia
785 1923 871 1980 Deus

60 2005 107 2064 his
143 2003 318 2081 regionibus
352 2007 414 2064 tale
442 2005 544 2065 lumen
579 2006 694 2065 donare
730 2008 872 2084 dignatus

62 2087 163 2149 est‘?“
208 2087 265 2146 Cui
290 2091 337 2147 vir
358 2091 420 2150 Dei
440 2091 543 2149 faceta
564 2092 692 2168 primurn
715 2091 872 2150 hilaritate

94 2289 139 2351 28)
158 2291 299 2354 requiritur
316 2291 347 2339 B.

93 2355 139 2422 29)
160 2373 209 2422 pro
227 2359 293 2408 ande
311 2357 452 2407 substituit
469 2359 501 2408 B.
521 2366 548 2408 ut
565 2361 633 2410 inde.

93 2423 137 2487 30)
157 2441 208 2474 om.
228 2425 259 2473 B.

93 2491 138 2557 31)
157 2493 201 2541 Ita
224 2490 290 2542 Cod.
314 2491 346 2544 A.
386 2494 510 2543 Exornat
536 2493 588 2544 hoc
613 2495 724 2544 effatum
748 2495 813 2546 Ood.
837 2497 871 2546 B.

58 2560 131 2609 hunc
151 2559 179 2608 in
198 2560 319 2608 modum:
343 2562 375 2610 de
393 2577 443 2626 qua
460 2563 520 2610 licet
536 2578 573 2612 me
597 2563 686 2625 fatear
709 2567 799 2613 nullum
821 2566 871 2613 evi-

60 2631 123 2678 dens
135 2627 230 2676 habere
243 2629 422 2684 documentum,
433 2636 515 2678 tamen
527 2632 588 2694 quid
599 2631 656 2680 lziuc
667 2631 806 2680 labendum
817 2635 870 2680 etc.

59 2696 159 2755 Patet,
182 2694 254 2744 hauc
272 2695 458 2759 prolixitatem
476 2711 530 2746 non
549 2698 695 2761 genuinam
714 2698 762 2748 sed
781 2700 870 2748 cuivis

59 2761 236 2812 Scholiastae
255 2777 314 2811 esse
334 2762 552 2813 adscribendam.

94 2829 137 2892 32)
158 2845 219 2878 cum
237 2829 315 2878 multi
332 2832 410 2894 igitur
426 2832 459 2881 B.

94 2894 138 2957 33)
156 2897 318 2948 haesitarent
333 2897 364 2946 B.
385 2902 413 2948 et
429 2899 574 2948 Batonius.

94 2962 140 3024 34)
158 2967 260 3030 penitus
278 2969 342 3014 ante
361 2966 392 3015 ab
411 2982 440 3016 eo
458 2983 521 3032 pon.
539 2967 571 3017 B.

93 3031 140 3096 35)
158 3033 252 3098 inepte
271 3033 412 3084 Primsuius
423 3033 456 3082 A.
474 3035 617 3085 Primentue
628 3035 692 3084 Per.
