2154 3678
495 247 702 310 ..38ss

193 396 358 458 cundarum
366 392 391 476 ²)
408 397 603 474 municipium
618 396 825 470 Rhaetiarum,
843 415 936 473 super
950 395 1002 454 Ri-

190 503 261 564 pam
276 482 412 541 Danubii
427 477 547 559 situs3),
564 483 635 540 huic
652 501 691 540 ex
708 479 770 539 alia
784 489 872 558 parte
888 499 1003 558 parvus

191 566 311 638 fluvius,
326 569 374 626 cui
389 567 523 626 Businca
538 587 648 625 nomen
662 561 752 642 esst),
765 565 1003 645 propinquabat.

191 654 223 713 Is
236 653 342 712 crebra
356 652 556 710 inundatione
570 650 705 710 Danubii
723 650 937 729 superfluentis
952 669 1005 708 ex·

192 757 343 809 crescens,
361 737 510 795 nonnulla
522 737 641 795 castelli
652 737 761 814 spatia,
778 737 850 814 quia
864 736 896 793 in
912 735 1006 812 plano

191 823 351 882 fundatum
368 818 516 904 fuerqt⁵)‚
535 820 713 901 occupabat,
731 821 894 879 ecclesiam
912 821 1006 879 ctiam

191 908 252 967 loci
269 908 333 966 eius
357 926 511 965 mansores
534 914 621 964 extra
645 925 745 964 muros
772 926 811 964 ex
833 905 927 982 lignis
950 904 1005 961 ha·

190 993 285 1051 buere
308 999 526 1062 constructam,
555 1010 634 1069 quae
660 989 795 1068 pendula
822 989 1006 1049 extensione
1057 1029 1058 1040 r

190 1085 340 1155 porrecta,
356 1075 466 1133 defixis
480 1074 512 1131 in
527 1075 621 1132 altum
639 1074 792 1152 stipitibus
813 1072 1006 1134 sustentaba·
1057 1087 1058 1102 ¹

191 1172 239 1219 tur
263 1167 294 1218 et
317 1160 460 1233 surculis,
489 1159 536 1216 cui
563 1159 602 1218 ad
623 1161 722 1218 vicem
748 1159 807 1217 soli
833 1159 1008 1217 tabularum

192 1253 258 1304 erat
272 1244 428 1322 laevigata
444 1245 624 1317 coniunctio,
642 1264 731 1324 qnam
747 1245 887 1322 quotiens
897 1239 924 1319 6)
939 1243 1008 1321 ripa

192 1331 384 1404 excessisset,
403 1349 483 1408 aqua
499 1329 687 1407 superfluens
704 1329 884 1406 occupabat.
908 1327 1007 1405 Quin·

191 1415 362 1474 tanausium
376 1417 480 1493 itaque
497 1413 557 1473 fide
573 1412 605 1474 S.
623 1413 788 1473 Severinus
808 1413 883 1472 illuc
906 1413 1008 1472 fuerat

190 1500 355 1572 invitatus,
374 1499 427 1558 ubi
450 1520 517 1559 cum
539 1508 674 1579 tempore
696 1498 842 1558 siccitatis
858 1498 1007 1569 venisset,

191 1585 399 1662 interrogabat
407 1580 432 1662 ⁷)
458 1605 510 1643 cur
532 1583 669 1643 tabulata
688 1583 810 1642 nudatis
833 1582 1007 1642 obstaculo-

191 1689 257 1727 rum
278 1669 460 1746 tegminibus
483 1667 689 1746 apparerent?
719 1667 855 1726 Accolae
878 1687 1008 1745 respon·

192 1752 310 1826 derunt,
327 1753 408 1833 quod
422 1753 578 1833 frequenti
593 1753 724 1812 fluminis
742 1753 898 1811 alluvione
915 1751 1008 1832 quid-

192 1837 267 1918 quid
294 1838 403 1897 fuisset
423 1845 643 1916 superstratum
669 1838 823 1897 continuo‘
837 1835 1007 1896 laberetur.
1057 1831 1058 1850 ¹

191 1927 235 1982 At
249 1924 332 2002 ipse:
362 1967 379 1997 „
388 1921 562 1995 Sternatur,
580 1923 694 2003 inquit,
715 1920 860 1980 tabulatis
875 1941 959 1980 nunc
976 1923 1009 1980 in

193 2007 312 2069 Christo
337 2009 459 2068 nomine
487 2004 745 2087 pavimentum⁸)‚
772 2007 832 2065 iam
859 2005 1010 2065 videbitis

192 2093 300 2153 amodo
327 2093 452 2152 fluvium
484 2094 610 2153 coelesti
632 2093 767 2151 iussione
789 2090 1009 2168 prohibitum.“

191 2177 372 2238 Pavimento
396 2179 500 2258 itaque
526 2178 680 2256 perfecto,
710 2178 775 2255 ipse
805 2185 909 2254 supter
932 2177 1011 2238 navi

213 2447 221 2464 ι
243 2427 270 2491 2)
288 2429 454 2477 secandarum
471 2427 502 2476 B.
523 2427 617 2478 eodem
637 2426 698 2477 soil.
717 2443 814 2490 sensu,
838 2443 890 2494 quo
914 2427 1011 2480 altera

196 2493 264 2545 Cod.
285 2495 315 2545 Α.
336 2495 481 2560 scriptura.

248 2561 274 2624 3)
293 2561 388 2627 lapsus
407 2560 510 2612 calami
526 2564 599 2612 sitam
615 2563 645 2612 in
663 2563 694 2612 A.

243 2629 271 2694 4)
289 2630 413 2681 brevius:
430 2630 528 2695 maius,
547 2631 662 2681 Businca
679 2633 783 2691 annue,
794 2631 826 2681 Β.
855 2631 1009 2681 Batonius:

193 2698 316 2748 Bunsica.

245 2763 272 2829 5)
291 2771 348 2815 erat
366 2766 397 2815 B.

244 2831 270 2895 6)
290 2833 379 2883 forma
395 2832 551 2883 modernior
568 2835 666 2899 quoties
684 2833 717 2882 Β.

245 2899 271 2964 7)
290 2915 422 2965 praesens
440 2900 536 2950 histor.
555 2903 699 2964 interropta
718 2900 750 2949 B.

245 2965 272 3032 8)
290 2983 368 3032 saper
385 2967 498 3018 tabulata
515 2969 542 3017 in
561 2968 655 3018 cariati
678 2971 778 3018 nomiae
800 2984 865 3018 nanc
878 2969 1016 3032 paatmen-
1057 3017 1058 3020 ,

185 3041 252 3097 tum,
272 3052 328 3084 acm
344 3040 398 3085 etc.
416 3036 449 3084 Β.
