2154 3678
513 223 722 284 ...56-

215 393 293 445 nem,
309 371 382 430 fidei
398 372 502 430 calore
519 391 692 444 succensus,
710 370 812 430 media
826 372 950 452 hyeme,
967 392 1028 451 qua

214 458 347 534 regionis
361 456 444 516 illius
464 457 575 516 itinera
593 458 666 534 gelu
680 464 820 534 torpente
833 455 1027 529 clauduntur,

215 542 255 601 ad
270 543 305 601 B.
322 540 504 602 Severinum
519 541 629 600 audaci
644 542 828 609 temeritate,
848 542 900 600 vel
917 544 1029 619 magis,

214 637 249 686 ut
271 637 379 707 postea
400 627 523 699 claruit,
550 626 703 704 intrepide
730 625 893 685 devotione
919 629 1029 685 venire

217 712 388 784 contendit,
418 711 575 770 conductis
608 712 746 791 plurimis
773 710 948 780 comitibus,
975 713 1032 791 qui

217 798 296 856 collo
316 817 370 856 suo
391 805 493 856 vestes
518 798 648 876 captivis
671 805 701 854 et
724 793 909 876 pauperibus
923 798 1032 874 profu-

216 890 316 955 turas,
343 901 418 960 quas
438 882 618 940 Noricorum
639 881 782 957 religiosa
809 879 934 939 collatio
958 901 1033 939 con-

217 961 451 1044 gregavoratl),
472 964 660 1041 baiularent3
685 967 788 1044 itaque
802 965 937 1043 profecti
946 961 972 1042 3)
989 965 1034 1024 ad

220 1069 336 1109 summa
353 1049 478 1126 Alpium
494 1051 652 1108 cacumina
666 1060 882 1129 pervenerunt,
903 1049 958 1109 ubi
975 1071 1034 1130 per

217 1143 313 1193 totam
334 1143 453 1193 noctem
472 1135 529 1193 trix
545 1142 630 1192 tanta
652 1134 811 1206 confluxit,
836 1144 871 1193 ut
894 1154 946 1194 eos
967 1155 1034 1193 ma-

217 1238 297 1296 gnae
315 1219 431 1278 arboris
447 1221 637 1297 protectione
652 1218 794 1292 vallatos,
815 1220 902 1278 velut
920 1221 1034 1296 ingens

217 1305 310 1363 fovea
327 1303 482 1364 demersos
495 1303 674 1364 includeret.
702 1303 743 1362 Et
760 1325 826 1363 cum
842 1304 881 1363 de
896 1305 962 1362 vita
976 1323 1035 1363 sua

217 1390 340 1467 penitus
357 1388 571 1468 desperarent,
590 1390 675 1448 nullo
691 1390 812 1448 scilicet
826 1388 1034 1448 subveniente

217 1469 402 1551 remedio4),
427 1474 506 1532 vidit
530 1473 636 1534 ductor
656 1475 798 1532 comitum
819 1493 875 1552 per
892 1493 1036 1552 soporem

219 1558 353 1635 effigiem
374 1559 434 1617 viri
457 1555 550 1637 Dei5)
573 1567 703 1626 stantem
724 1577 761 1616 ac
783 1558 934 1618 dicentem
958 1559 1036 1618 sibi:

220 1642 353 1715 „Nolite
373 1645 495 1715 timere,
516 1645 636 1721 pergite
657 1663 717 1723 quo
743 1645 897 1721 coepistis.
907 1647 925 1675 “
962 1644 1038 1702 Hac

221 1722 329 1802 ergo⁶)
345 1727 534 1786 revelatione
551 1729 688 1806 protinus
711 1728 851 1801 animati,
873 1747 941 1786 curn
963 1747 1036 1786 coc·

220 1813 339 1889 pissent
347 1807 372 1888 ⁷)
392 1811 452 1870 fide
469 1813 565 1888 magis
580 1831 670 1892 quarn
692 1813 846 1890 gressibus
868 1812 1036 1890 proficisci,

221 1897 322 1956 subito
339 1895 441 1955 divino
455 1906 530 1956 nutu
545 1897 678 1974 ingentis
698 1898 814 1957 formae
837 1917 926 1956 ursus
950 1917 967 1956 e
989 1897 1037 1955 la·

219 1991 286 2041 tere
310 1982 438 2041 veniens
459 1982 540 2041 viam
561 1991 781 2042 monstraturus
801 1983 958 2060 apparuit,
981 1982 1039 2060 qui

224 2085 257 2126 se
272 2074 409 2146 ternpore
425 2067 542 2148 hyemis
559 2067 713 2145 speluncis
737 2064 884 2143 abdere⁸)
902 2085 1038 2125 cousue-

220 2152 275 2220 vit,
294 2148 398 2228 m019)
417 2152 550 2230 cupitum
564 2161 682 2210 reserat
696 2153 768 2227 iter;
790 2161 820 2211 et
833 2171 889 2230 per
900 2150 1041 2209 ducenta

222 2234 318 2293 ferme
328 2232 367 2310 ¹⁰)
386 2237 483 2294 millia
503 2257 566 2296 non
590 2236 629 2294 ad
651 2237 802 2296 sinistram
823 2236 951 2296 devians
973 2256 1041 2295 non

272 2400 298 2461 2)
314 2401 500 2465 profligaverat
517 2400 549 2451 Α.
569 2401 687 2452 forsitan
706 2404 801 2453 eodem
819 2417 902 2454 sensu
919 2403 1040 2454 verbum

218 2468 361 2533 prullipare
379 2467 425 2517 hic
443 2468 546 2517 dictum
566 2484 618 2533 quo
632 2484 791 2533 promouere.

273 2534 299 2599 3)
317 2539 433 2600 prouecti
443 2537 475 2585 Β.

273 2605 299 2664 4)
318 2607 385 2654 nullo
402 2605 499 2654 scilieet
515 2603 675 2654 subveniente
693 2608 803 2656 remedio
822 2605 902 2655 deest
920 2606 949 2654 in
968 2605 1001 2656 B.

273 2671 289 2720 5
318 2673 344 2721 in
362 2672 446 2736 effigie
463 2675 541 2722 cirum
559 2673 609 2721 Dei
624 2672 657 2721 Β.

318 2755 367 2804 pro
386 2755 447 2804 erpo
465 2738 551 2788 habet
568 2754 628 2790 cero
646 2739 677 2790 B.

291 2671 299 2735 )

291 2741 300 2869 3
318 2807 350 2858 B.
369 2807 512 2857 interserit
528 2809 610 2858 etium.

291 2874 301 3002 ζ
319 2874 436 2924 abditare
456 2875 488 2926 Β.

275 2939 291 2989 9
321 2946 385 2991 ante
403 2958 464 2992 moa
481 2942 566 2992 habet
584 2941 616 2990 B.
635 2947 668 2990 et.

259 3005 300 3072 10)
316 3008 375 3071 sere
392 3009 425 3058 Β.
