2154 3678
354 226 566 286 ..55-

50 377 188 436 imitatus
205 393 312 435 servus
328 374 428 434 fidelis
441 375 605 434 Dominum
619 395 720 451 suum,
737 377 789 454 qui
806 395 867 434 non

50 461 219 520 ministrari
237 469 382 532 venerat,
404 459 459 528 sed
481 460 583 539 potius
603 461 791 532 ministrare,
818 481 866 521 se·

51 565 212 625 quousque
229 545 360 621 vestigia
376 543 559 618 salvatoris,
583 543 737 621 gaudebat
753 564 865 622 augere

50 627 256 707 materiem⁹)‚
280 649 371 709 quam
389 630 491 688 officio
515 629 661 688 dexterae
677 631 799 689 sinistra
813 650 865 689 ne-

52 717 172 774 sciente
197 714 353 774 fundebat.
390 713 555 792 Completis
579 716 693 794 quippe
703 710 741 789 ¹⁰)
758 734 865 774 vascu-

51 800 91 858 lis
105 818 285 878 pauperum,
301 799 378 857 nihil
393 799 584 858 minuebatur
601 801 633 858 in
650 798 789 858 menibus
810 801 866 858 mi-

52 885 258 944 nistrantium.
303 884 437 943 Tantum
465 884 558 961 igitur
590 885 653 942 Dei
686 883 868 943 beneficium

52 968 126 1028 dum
147 970 378 1028 circumstantes
393 970 487 1028 tacite
502 969 702 1042 mirarentur,
721 989 799 1028 unus
816 988 867 1027 eo·

51 1074 118 1113 rum
136 1055 186 1112 cui
202 1072 312 1113 nomen
330 1063 396 1113 erat
411 1050 672 1129 Pientissimus11)
690 1055 782 1112 nimio
806 1062 866 1113 stu-

50 1132 176 1218 pore¹²)
207 1140 387 1216 perterritus
421 1134 673 1217 exclamavit·¹³):
708 1139 867 1211 „Domine

51 1224 104 1292 mi,
123 1226 233 1282 crescit
250 1223 300 1281 hic
313 1222 444 1282 cacabus
461 1224 523 1282 olei
541 1233 571 1282 et
589 1225 620 1282 in
638 1224 760 1282 modum
775 1223 867 1282 fontis

53 1306 202 1368 exundat.
241 1307 293 1366 Sic
315 1309 415 1386 liquor
439 1308 491 1367 ille
513 1308 718 1384 gratissimus,
747 1307 869 1387 predita

52 1395 186 1466 virtute,
207 1391 380 1452 subtractus
402 1394 480 1451 est.“
513 1389 622 1450 Statim
631 1388 668 1468 14)
686 1390 799 1450 Christi
823 1392 869 1450 fa-

53 1479 155 1538 mulus
182 1477 359 1536 exclamans
385 1479 443 1535 ait:
486 1475 594 1552 „Quid
626 1475 727 1534 fecisti
752 1473 868 1535 frater?

55 1561 246 1622 Obstruxisti
258 1560 415 1638 commoda
429 1561 641 1640 plurimorum3
665 1562 803 1638 ignoscat
814 1560 870 1620 tibi

54 1648 206 1708 Dominus
224 1648 311 1706 Iesus
326 1644 476 1706 Christus.
508 1639 606 1723 staff)
622 1644 790 1725 aliquando
805 1665 868 1704 mu·

53 1733 114 1791 lier
136 1730 232 1790 vidua
255 1730 371 1792 debitis¹
387 1740 513 1790 onerata
529 1731 670 1790 Helisaei
700 1731 868 1810 prophetae

53 1815 147 1878 iussis
169 1817 338 1890 instruitur,
363 1836 403 1876 ex
425 1817 486 1875 olei
509 1815 593 1875 stilla
615 1835 707 1894 quam
736 1814 871 1875 habebat

55 1921 135 1961 vasa
149 1901 271 1979 replere
287 1920 378 1981 quam
394 1901 555 1980 plurima.“
590 1899 681 1977 Quod
695 1919 762 1958 cum
778 1899 871 1959 fecis-

56 1995 114 2058 set,
133 1994 165 2044 et
180 1986 280 2046 adhuc
295 2006 371 2044 vasa
386 2006 405 2043 a
418 1985 489 2044 filiis
506 1985 697 2060 deposceret,
716 1983 770 2042 ubi
784 1983 871 2042 audi·

57 2072 103 2130 vit
128 2090 285 2130 numerum
311 2069 462 2130 defecisse
488 2089 649 2137 vasorum,
686 2086 756 2126 mox
784 2070 870 2128 stetit

58 2156 244 2300 OleldinidIX.
274 2239 335 2298 Per
359 2237 439 2298 idem
467 2246 586 2316 tempus
607 2237 760 2296 Maximus
780 2236 869 2296 Nori·

58 2327 178 2394 censis,
197 2325 281 2384 cuius
296 2323 425 2383 fecimus
438 2324 470 2382 in
487 2321 692 2401 superioribus
702 2317 727 2398 ¹)
743 2323 869 2382 meutie-

110 2541 138 2608 9)
157 2547 285 2592 materiem
303 2541 466 2606 regulariter
483 2540 580 2590 scribit
597 2540 628 2590 Α.
664 2541 697 2589 B.
716 2541 853 2589 materiem.

95 2609 139 2674 10)
158 2626 207 2675 pro
225 2615 318 2675 quippe
337 2609 422 2660 habet
439 2609 516 2673 initur
536 2610 568 2661 B.

95 2678 139 2740 11)
159 2679 283 2728 Biennium
300 2679 332 2727 B.

96 2745 140 2808 12)
159 2761 248 2810 maeno
266 2750 355 2796 timore
372 2743 405 2792 B.

96 2812 139 2874 13)
160 2815 247 2863 dicens
265 2811 326 2863 add.
345 2813 378 2861 Β.

97 2880 141 2946 14)
161 2886 224 2931 ante
243 2883 326 2930 statim
344 2878 422 2946 pouit
440 2880 481 2928 cui
498 2878 528 2927 B.

97 2947 141 3013 15)
160 2947 203 2998 lit.
222 2965 236 2998 c
255 2948 356 2998 excidit
374 2949 402 2997 in
420 2947 452 3000 A.

117 3015 141 3079 1)
160 3017 278 3080 superius
294 3017 328 3066 B.
